2072 3222
303 124 388 164 538
451 135 508 164 ρι’.
524 135 582 160 xv.
598 133 642 160 31.
714 136 836 163 FESTI
850 136 1008 165 FRAGM.
1024 138 1049 165 E
1064 137 1157 164 001).
1175 137 1297 166 FARN.
1314 139 1351 165 L.
1371 139 1507 166 xvim.
1630 138 1661 163 P.
1677 136 1729 163 356
1746 140 1785 163 Μ.

1115 284 1124 293 .
1178 255 1248 294 ent
1270 253 1421 303 Italiae,
1444 254 1589 307 itaque
1613 254 1787 295 nullum

1039 362 1048 370 .
1078 342 1210 382 quam
1235 328 1465 380 Gallicum,
1489 333 1563 371 aut
1586 330 1786 372 domesti-

894 402 912 459 ΙΙ
932 401 1149 447 Thomices
1173 438 1182 446 .
1218 437 1227 446 .
1262 437 1271 446 .
1305 407 1484 447 nomine
1508 408 1788 461 appellantur

1259 485 1300 524 et
1322 485 1467 536 sparto
1490 484 1643 524 leviter
1665 486 1787 524 tortae

1109 589 1117 598 .
1162 558 1285 600 fiunt.
1310 559 1530 600 Lucilius:
1561 559 1786 601 «Vidimus

1112 668 1121 675 .
1176 635 1347 676 abina.»
1379 635 1612 689 Oppillus†
1653 638 1785 678 Aure-

1191 744 1199 752 .
1234 725 1297 753 em
1320 712 1567 765 pulvillum,
1591 726 1720 766 quem
1744 715 1788 753 in

668 820 676 827 .
742 821 750 828 .
1335 820 1344 829 .
1370 788 1468 839 edat
1488 790 1693 831 tomicem
1719 804 1787 831 vo·

592 896 601 903 .
665 861 684 918 ΙΙ
706 860 891 918 Tonqere
965 897 972 904 .
1039 896 1048 905 .
1113 898 1120 905 .
1187 898 1194 905 .
1260 897 1268 904 .
1328 865 1370 906 lo
1394 866 1454 906 ait
1474 878 1653 906 noscere
1677 879 1783 915 esse,

1184 974 1192 982 .
1247 941 1412 982 tionem
1436 941 1583 984 dicant
1604 956 1683 996 pro
1707 956 1783 983 no-

1184 1048 1193 1057 .
1223 1017 1309 1058 tius
1334 1017 1562 1059 dominari.
1587 1018 1784 1059 Ennius:

1257 1128 1265 1135 .
1301 1096 1524 1147 tongent.»
1553 1097 1594 1136 et
1616 1096 1784 1137 vincere

1338 1171 1508 1212 videtur
1530 1171 1788 1225 significare.

298 963 375 987 10·

373 1245 392 1303 ΙΙ
410 1244 536 1290 Tesca
595 1281 603 1288 .
670 1282 677 1289 .
745 1282 752 1288 .
818 1281 824 1288 .
892 1280 900 1287 .
966 1282 974 1289 .
1040 1281 1048 1289 .
1114 1282 1122 1289 .
1189 1282 1197 1289 .
1291 1250 1307 1287 t
1331 1249 1428 1289 loca
1451 1249 1630 1301 augurio
1650 1248 1786 1302 desig-

297 1339 330 1364 15
369 1358 376 1365 .
443 1355 451 1363 .
517 1358 524 1365 .
592 1358 599 1365 .
666 1356 674 1364 .
741 1357 749 1365 .
815 1358 822 1365 .
890 1356 898 1364 .
963 1358 971 1365 .
1038 1356 1046 1364 .
1082 1326 1156 1364 ino
1179 1324 1280 1365 finis
1302 1324 1347 1365 in
1371 1326 1487 1365 terra
1509 1327 1674 1376 auguri.
1701 1324 1783 1378 Op-

1183 1431 1191 1439 .
1230 1401 1313 1441 lius
1336 1401 1431 1442 loca
1454 1403 1706 1442 consecrata
1729 1400 1783 1442 ad

1115 1478 1180 1519 sit.
1205 1477 1279 1518 sed
1302 1481 1452 1518 sancta
1474 1479 1567 1519 loca
1590 1477 1783 1530 undique

1034 1586 1037 1591 .
1078 1557 1127 1595 nt
1148 1553 1397 1602 Poiitificis†
1420 1552 1534 1604 libri,
1558 1555 1603 1594 in
1628 1555 1789 1607 quibus

1110 1664 1118 1671 .
1167 1644 1250 1683 que
1276 1631 1511 1684 sedemque
1534 1634 1787 1685 tescumque

1191 1738 1199 1747 .
1230 1707 1505 1757 dedicaverit,
1530 1707 1606 1748 ubi
1630 1721 1701 1749 eos
1725 1721 1788 1749 ac-

1108 1785 1443 1837 propitiosque.»
1472 1784 1652 1825 Hostius
1678 1784 1786 1825 belli

956 1893 964 1900 .
1004 1874 1104 1914 «per
1125 1863 1268 1913 gentis
1304 1861 1397 1908 alt†
1421 1861 1632 1910 aetherias,
1656 1864 1784 1914 atque

1030 1970 1039 1979 .
1063 1950 1138 1995 que
1161 1938 1387 1985 violabis†
1415 1938 1580 1991 templa
1604 1939 1787 1991 antiqua

1108 2049 1117 2057 .
1163 2029 1232 2057 ero
1255 2028 1422 2068 aspera,
1449 2013 1644 2055 difficilia
1667 2014 1789 2056 aditu

302 1731 337 1755 20
373 1742 380 1748 ·

1036 2123 1045 2131 .
1075 2104 1123 2133 ca
1145 2105 1310 2145 aspera,
1335 2104 1439 2131 saxa
1458 2093 1475 2133 t
1503 2093 1620 2132 tesca
1641 2093 1777 2131 tuor.»

1109 2169 1242 2209 cteta:
1287 2167 1412 2218 «Quis
1434 2170 1481 2208 tu
1506 2181 1549 2207 es
1572 2165 1781 2213 mortalis,

367 2277 376 2285 .
442 2275 450 2283 .
518 2277 527 2286 .
592 2278 600 2285 .
666 2278 674 2285 .
740 2278 748 2285 .
814 2278 822 2285 .
962 2276 970 2283 .
1031 2257 1069 2291 a,
1094 2246 1136 2284 et
1158 2246 1313 2296 tesqua
1333 2245 1376 2284 te
1399 2243 1606 2297 adportas
1628 2242 1782 2284 loca-P»

368 2317 386 2375 ΙΙ
414 2316 611 2362 Tonsilla
669 2354 677 2361 .
743 2353 751 2361 .
816 2354 825 2361 .
891 2352 898 2358 .
965 2353 973 2361 .
1039 2352 1047 2361 .
1101 2333 1188 2361 esse
1211 2319 1390 2361 Verrius
1412 2320 1563 2373 palum
1587 2318 1786 2360 dolatum

1036 2396 1213 2449 cuspide
1236 2395 1549 2449 praeferratum,
1574 2397 1621 2435 ut
1644 2394 1784 2436 existi-

966 2505 975 2514 .
1039 2486 1104 2513 em
1127 2472 1334 2525 cumfigi†
1357 2473 1403 2512 in
1426 2472 1552 2512 litore
1576 2471 1701 2511 navis
1723 2485 1785 2512 re-

742 2583 749 2589 .
810 2563 953 2591 causa.
1002 2548 1218 2590 Pacuvius
1272 2549 1316 2588 in
1372 2547 1542 2589 Medio:
1606 2548 1780 2588 «Acces-

746 2660 754 2667 .
790 2640 899 2675 eam,
935 2627 977 2666 et
1011 2625 1206 2667 tosillam
1240 2625 1340 2678 pegi
1375 2625 1504 2671 laeto†
1540 2626 1585 2664 in
1607 2625 1772 2664 litore.»

909 2699 1141 2745 Phinidis:
1173 2700 1364 2748 «Tacete‚
1400 2703 1440 2741 et
1463 2700 1664 2741 tonsillas
1688 2699 1782 2738 lito-

823 2775 929 2826 θείω,ι
953 2778 1103 2820 edite.»
1176 2774 1195 2832 ΙΙ
1210 2777 1403 2817 Tonsam
1426 2776 1597 2816 Ennius
1621 2773 1783 2828 signifi-

294 2491 373 2515 30.
