2072 3222
248 137 330 179 509
394 151 452 180 QU-
472 151 531 175 XV·
553 148 595 175 13·
642 151 762 179 FESTI
780 151 936 178 FRAGM.
951 152 978 179 E
993 151 1085 179 COD.
1101 150 1228 179 FARN.
1246 151 1284 179 L.
1300 151 1437 180 XVIIII.
1559 151 1591 176 P.
1611 149 1663 176 339
1683 151 1729 176 M*

250 970 285 994 10

251 1354 285 1379 15

252 1730 287 1755 20

253 2112 287 2138 25

257 2497 292 2522 30

318 264 539 322 ”Sinistrae
562 279 660 307 aves
696 266 1003 320 sinistrumque
1027 269 1122 314 est†
1155 266 1420 308 sinistimum
1454 267 1710 320 auspicium,

318 340 362 383 iu'
393 342 510 396 quod
532 343 646 384 sinat
668 342 772 385 fieri.
835 343 971 385 Varro
1007 342 1037 384 l.
1072 342 1122 384 V.
1166 343 1489 396 epistolicarum
1523 343 1723 397 quaestio-

317 432 425 460 num
447 420 529 460 ait:
571 420 630 461 «A
652 418 832 460 deorum
867 418 967 460 sede
990 432 1089 459 cum
1114 419 1161 459 in
1194 418 1419 460 meridiem
1443 421 1645 473 spectes,†
1668 418 1723 460 ad

318 495 539 536 sinistram
602 497 705 536 sunt
765 497 918 549 parte†
970 494 1123 535 mundi
1186 496 1440 544 exorientes,
1503 495 1557 537 ad
1619 495 1721 536 dex-

314 573 452 613 teram
486 571 755 621 occidentes;
820 571 984 613 factum
1047 571 1244 621 arbitror,
1288 573 1336 612 ut
1397 573 1575 613 sinistra
1635 585 1727 613 me-

318 648 428 689 liora
489 649 695 702 auspicia,
765 662 897 702 quam
980 648 1128 689 dextra
1210 662 1301 690 esse
1383 650 1721 690 existimentur.»

319 724 435 766 idem
516 726 602 767 fere
684 727 879 766 sentiunt
961 723 1139 766 Sinnius
1222 723 1372 778 Capito
1435 728 1476 766 et
1538 724 1728 767 Cincius.

321 799 339 856 ΙΙ
357 801 598 850 Sentinare,
641 802 848 854 satagere,
913 800 1074 842 dictum
1107 813 1133 842 a
1174 801 1362 851 sentina,
1423 815 1554 855 quam
1617 802 1728 843 mul-

319 879 406 924 tae†
461 891 585 931 aquae
649 878 772 918 navis
836 891 934 918 cum
1000 877 1164 931 recipit,
1223 877 1501 930 periclitatur.
1566 877 1727 920 Caecili-

319 968 370 995 us
412 954 458 994 in
491 953 689 995 ethrione
713 960 760 1001 †:
830 952 964 995 «Cum
986 953 1201 995 Mercurio
1225 956 1339 1007 capit
1361 954 1602 1004 consilium,
1626 957 1726 1008 post

320 1043 453 1084 quam
515 1032 706 1072 sentinat
767 1031 911 1072 satis»
1091 1028 1109 1086 ΙΙ
1130 1030 1361 1072 Senatores
1424 1044 1449 1072 a
1510 1033 1729 1073 senectute

320 1107 402 1148 dici
462 1108 565 1148 satis
648 1109 832 1148 constat.
917 1120 1023 1160 quos
1104 1106 1226 1148 initio
1309 1107 1525 1148 Romulus
1603 1107 1731 1159 elegit

320 1186 511 1233 centum,
604 1197 791 1237 quorum
888 1182 1068 1224 consilio
1159 1197 1295 1236 remp.
1388 1183 1728 1225 administraret.

320 1261 463 1314 itaque
497 1261 626 1302 etiam
658 1263 781 1302 ἠως*
819 1260 1031 1313 appellati
1062 1262 1176 1309 sunt,
1222 1263 1263 1302 et
1306 1274 1422 1302 nunc
1464 1274 1562 1301 cum
1604 1274 1730 1302 sena-

318 1339 432 1378 tores
465 1337 615 1378 adesse
649 1337 904 1387 iubentur,†
949 1337 1218 1390 «quibusque
1252 1339 1296 1378 in
1330 1340 1520 1379 senam-14
1553 1340 1729 1379 senten—

320 1414 428 1455 tiam
481 1414 619 1455 dicere
672 1414 810 1454 licet.»
860 1414 961 1467 quia
1014 1413 1072 1464 hi,
1120 1414 1192 1467 qui
1241 1417 1340 1467 post
1399 1414 1588 1455 lustrum
1632 1428 1731 1455 con-

323 1491 461 1532 ditum
525 1505 574 1533 ex
635 1491 880 1531 iunioribus
941 1490 1246 1544 magistratum
1281 1492 1505 1543 coeperunt
1519 1496 1550 1539 †,
1605 1492 1646 1531 et
1683 1490 1729 1530 in

323 1568 478 1607 senatu
600 1565 860 1607 sententiam
967 1566 1127 1615 dicunt,
1207 1569 1248 1607 et
1339 1580 1431 1607 non
1522 1569 1732 1608 vocantur

323 1642 557 1684 Senatores
633 1645 745 1691 ante,
819 1655 952 1695 quam
1014 1644 1059 1682 in
1122 1642 1360 1684 senioribus
1434 1646 1536 1684 sunt
1597 1643 1729 1684 censi.

322 1716 342 1774 ΙΙ
357 1717 543 1760 Senatus
607 1719 828 1760 decretum
890 1731 916 1759 a
954 1719 1150 1760 consulto
1212 1720 1358 1760 Aelius
1390 1718 1541 1761 Gallus
1576 1721 1636 1760 sic
1668 1719 1729 1760 di-

323 1796 518 1849 stinguit,
580 1798 628 1836 ut
698 1794 740 1835 id
803 1794 915 1837 dicat
1003 1795 1262 1848 particulam
1337 1794 1560 1849 quandam
1639 1809 1731 1837 esse

324 1874 500 1913 senatus
574 1872 776 1921 consulti,
839 1874 886 1913 ut
947 1885 1045 1912 cum
1108 1873 1331 1925 provincia
1404 1872 1531 1913 alicui
1593 1873 1734 1914 decer-

324 1949 453 1999 nitur,
477 1948 593 2002 quod
624 1950 773 1990 tamen
800 1949 948 2001 ipsum
981 1951 1157 1989 senatus
1190 1947 1378 1989 consulti
1401 1950 1476 1989 est.
1572 1946 1590 2004 ΙΙ
1607 1949 1732 1991 Senis

325 2024 515 2065 crinibus
548 2024 764 2066 nubentes
800 2027 1026 2071 ornantur,
1063 2023 1176 2077 quod
1213 2023 1321 2071 his†
1378 2027 1556 2066 ornatus
1589 2027 1732 2067 vetus-

321 2101 514 2141 tissimus
576 2100 670 2141 fuit.
735 2100 910 2153 quidam
974 2099 1088 2153 quod
1151 2113 1200 2141 eo
1261 2100 1456 2141 Vestales
1542 2100 1732 2154 virgines

326 2180 549 2226 ornentur,
643 2190 828 2231 quarum
902 2177 1148 2218 castitatem
1225 2177 1328 2218 viris
1403 2177 1491 2218 suis
1560 2191 1731 2231 sponoe-

425 2285 435 2294 .
479 2254 707 2300 aceteris.†
830 2251 1021 2308 ssSentes
1075 2266 1173 2293 cum
1227 2256 1396 2295 constet
1438 2267 1530 2295 esse
1572 2255 1742 2307 spinas,

326 2331 366 2369 et
427 2329 632 2369 Afranius
694 2329 739 2369 in
802 2328 1002 2370 Abducta
1084 2328 1265 2369 dixerit:
1356 2329 1518 2380 «Quam
1602 2329 1731 2370 senti-

327 2410 433 2450 c0s³s
487 2405 680 2451 averba†
735 2406 986 2458 pertorquet
1032 2405 1201 2451 turba,»
1250 2419 1329 2458 pro
1373 2405 1560 2459 spinosis
1625 2404 1731 2445 acci-

326 2482 370 2534 pi
432 2480 569 2522 debet.
693 2478 711 2535 ΙΙ
728 2479 910 2521 Senium
973 2494 997 2521 a
1059 2481 1187 2521 senili
1269 2481 1513 2531 acerbitate,
1575 2484 1615 2522 et
1675 2481 1733 2521 vi-

327 2556 397 2597 tiis
508 2556 670 2597 dictum
791 2558 935 2610 posuit
1047 2556 1229 2611 Cecilius
1331 2558 1376 2598 in
1488 2556 1707 2610 Hymnide
1723 2573 1733 2598 ε

334 2633 459 2675 «Sine
521 2646 645 2673 suam
722 2635 988 2675 senectutem
1071 2632 1201 2674 ducat
1262 2635 1411 2687 utique
1486 2633 1734 2679 adsenum³s

328 2709 505 2749 sorbitio
526 2714 584 2754 †.»
713 2706 730 2764 ΙΙ
746 2709 944 2750 Senonas
1018 2708 1179 2759 Gallos,
1255 2709 1429 2750 Verrius
1492 2709 1565 2758 ait,
1628 2708 1736 2749 exis-

327 2785 471 2825 timari
591 2785 819 2838 appellari,
941 2786 1042 2838 quia
1162 2786 1263 2826 novi
1388 2785 1586 2825 venerint
1687 2799 1735 2825 ex
