2072 3222
357 138 414 178 40
687 151 809 177 PAULI
833 150 1047 176 EXCERPTA
1071 150 1124 176 Ex
1148 150 1231 177 LIB.
1255 150 1379 177 POMP.
1404 150 1523 178 FESTI
1731 149 1836 174 57—58

359 266 614 309 Condere
639 278 913 318 componere.

359 336 552 378 0111018,
573 338 696 377 locus
718 336 882 384 Romae,
905 335 982 376 ubi
1004 334 1255 376 Cinciorum
1278 340 1618 378 monumentum
1641 337 1735 377 fuit.

359 406 571 459 Capita]
597 406 782 446 linteum
807 405 1043 458 quoddam,
1067 419 1152 459 quo
1177 405 1222 446 in
1245 405 1468 447 sacrificiis
1491 407 1741 448 utebantur.

359 476 639 519 Castrensi
662 485 870 517 corona
891 475 1149 526 donabatur,
1173 477 1246 529 qui
1271 479 1440 530 primus
1472 476 1663 517 hostium
1697 479 1838 517 castra

416 548 652 601 pugnando
675 547 912 596 introisset,
936 548 1006 588 cui
1026 548 1197 600 insigne
1221 550 1313 589 erat
1336 562 1385 588 ex
1407 561 1513 588 auro
1536 548 1717 589 vallum.

359 617 688 659 Colluviaris
710 632 868 672 porcus
903 617 1071 668 dicitur,
1110 620 1183 671 qui
1210 619 1305 659 cibo
1339 619 1551 672 permixto
1588 621 1629 659 et
1651 620 1836 660 colluvie

415 690 619 730 nutritur.

359 759 620 811 Cognitor
655 762 730 808 est,
769 761 843 813 qui
877 760 997 800 litem
1032 760 1212 800 alterius
1248 760 1428 813 suscipit
1461 759 1634 802 coram*
1669 774 1732 810 eo,
1769 761 1837 800 cui

417 831 541 872 datus
566 834 618 871 et.
642 830 901 871 Procurator
925 833 1071 871 autem
1095 831 1290 872 absentis
1312 833 1492 872 nomine
1516 834 1636 872 actor
1657 831 1718 872 fit.

300 919 332 942 ιιι
359 900 664 942 Claudiana
685 901 929 942 tonitrua
943 902 1294 955 appellabantur,
1313 904 1414 955 quia
1430 901 1638 942 Claudius
1653 902 1840 942 Pulcher

415 972 616 1022 instituit,
640 975 687 1013 ut
703 972 817 1013 ludis
840 975 939 1026 post
952 986 1139 1013 scaenam
1165 974 1379 1014 coiect-us*
1403 973 1599 1027 lapidum
1623 975 1684 1014 ita
1705 973 1839 1022 fieret,

416 1046 463 1083 ut
485 1044 572 1084 veri
595 1045 784 1084 tonitrus
807 1044 1139 1085 similitudinem
1155 1044 1412 1085 imitaretur.
1439 1045 1547 1085 Nan]
1572 1047 1701 1086 antea
1723 1045 1839 1084 leves

417 1114 654 1154 admodum
679 1117 720 1155 et
742 1116 864 1168 parvi
887 1116 1058 1155 sonitus
1081 1113 1257 1163 fiebant,
1283 1128 1381 1155 cum
1407 1115 1514 1155 clavi
1539 1118 1581 1155 et
1604 1115 1772 1168 lapides
1794 1115 1838 1155 in

416 1185 588 1226 labrum
611 1199 781 1226 aeneum
806 1186 1086 1226 coicerentur.

299 1272 331 1296 ιτ»
360 1255 616 1296 Caesones
640 1255 923 1309 appellantur
946 1271 995 1297 ex
1017 1258 1143 1296 utero
1167 1258 1318 1296 matris
1342 1257 1510 1297 exsecti.

318 1313 330 1389 f
360 1325 553 1374 Caesar‚
591 1326 705 1379 quod
729 1329 793 1367 est
815 1339 1059 1378 cognomen
1083 1326 1312 1375 Iuliorum,
1347 1340 1372 1367 a
1395 1326 1568 1367 caesarie
1603 1326 1740 1367 dictus
1764 1330 1840 1375 est,

310 1433 311 1436 ,
418 1398 519 1450 quia
542 1397 705 1437 scilicet
727 1410 826 1437 cum
850 1398 1023 1437 caesarie
1047 1399 1176 1438 natus
1200 1400 1276 1437 est.

297 1468 303 1488 s
360 1467 548 1520 Capsit
569 1468 806 1522 prenderit.

361 1538 631 1591 Capreoli‚
665 1539 821 1580 vitium
845 1539 1037 1580 cincinni
1059 1540 1219 1588 intorti,
1258 1541 1359 1592 quia
1393 1539 1444 1580 ad
1480 1540 1623 1580 locun]
1662 1539 1835 1593 capien-

299 1626 335 1649 20
418 1609 521 1651 dum
545 1610 743 1660 tendunt,
767 1610 991 1664 appellati.

361 1679 713 1732 Capillatam
735 1682 799 1722 vel
823 1681 1149 1733 capularem
1173 1680 1431 1721 arborem
1455 1681 1672 1730 (mebant,
1695 1683 1740 1721 in
1757 1694 1841 1733 qua

417 1752 626 1805 capillum
650 1755 827 1793 tonsum
853 1752 1196 1805 suspendebant.

361 1822 673 1864 Contestari
694 1823 852 1864 liten]
867 1823 1071 1864 dicuntur
1093 1823 1179 1863 duo
1197 1826 1270 1863 aut
1287 1823 1435 1876 plures
1459 1823 1708 1872 adversarii,
1726 1823 1840 1876 quod

419 1894 617 1935 ordinato
643 1894 800 1935 iudicio
825 1896 1009 1947 utraque
1033 1907 1133 1947 pars
1157 1893 1296 1933 dicere
1321 1893 1454 1934 solet:
1479 1895 1608 1933 testes
1633 1896 1782 1935 estote,

302 1979 335 2001 25
363 1963 622 2005 Caviares
658 1964 851 2005 hostiae
897 1964 1164 2012 dicebantur,
1205 1963 1320 2016 quod
1356 1964 1487 2004 caviae
1503 1970 1533 2012 4,
1568 1964 1611 2004 id
1645 1967 1707 2004 est
1742 1977 1842 2018 pars

419 2034 568 2076 hostiae
594 2035 732 2076 cauda
753 2038 895 2084 tenus,
920 2035 1089 2083 dicitur,
1129 2038 1169 2076 et
1191 2034 1437 2088 ponebatur
1459 2036 1505 2074 in
1528 2035 1739 2075 sacrificio
1762 2048 1841 2087 pro

420 2105 603 2158 collegio
627 2105 885 2159 pontificum
910 2106 1062 2158 quinto
1088 2119 1260 2158 quoque
1286 2118 1417 2145 anno.

362 2175 596 2217 Confeta
619 2191 689 2216 sus
714 2177 951 2225 dicebatur,
980 2189 1073 2229 quae
1099 2190 1195 2216 cum
1221 2176 1338 2216 omni
1363 2176 1454 2216 fetu
1477 2175 1765 2216 adhibebatur
1787 2175 1841 2216 ad

421 2246 693 2287 sacrificium.

303 2333 337 2354 :w
364 2316 713 2358 Conclavatae
738 2317 1008 2365 dicebantur,
1032 2331 1127 2370 quae
1151 2317 1230 2357 sub
1255 2316 1407 2357 eadem
1432 2320 1557 2357 erant
1579 2317 1711 2358 clave.

364 2386 620 2428 ColOSSUS
645 2402 669 2429 a
693 2388 840 2429 Caleto
865 2387 1040 2435 artifice,
1066 2402 1091 2428 a
1114 2401 1197 2440 quo
1221 2388 1432 2428 formatus
1457 2391 1532 2436 est,
1557 2387 1709 2428 dictus.
1744 2387 1841 2428 Fuit

421 2461 537 2498 enim
561 2459 677 2511 apud
713 2459 917 2499 Rhodum
941 2459 1129 2499 insulam
1167 2461 1309 2499 statua
1332 2458 1434 2498 solis
1468 2459 1555 2498 alta
1577 2459 1708 2511 pedes
1742 2471 1839 2498 cen-

421 2535 515 2568 tum
539 2534 577 2568 ct
602 2530 808 2581 quinque.

366 2597 575 2639 Codeta
598 2599 844 2652 appellatur
868 2613 968 2652 ager
991 2602 1112 2640 trans
1136 2598 1339 2647 Tiberim,
1378 2598 1493 2651 quod
1516 2599 1559 2639 in
1585 2612 1633 2638 eo
1658 2599 1842 2650 virgulta

424 2675 663 2709 nascuntur
686 2670 738 2709 ad
764 2669 1000 2710 caudarum
1026 2670 1284 2722 equinarum
1311 2670 1656 2710 similitudinem.

1879 2330 1911 2364 5ss

367 2738 568 2778 Censui
592 2739 872 2779 censendo
898 2742 986 2791 agri
1012 2740 1182 2792 proprie
1207 2740 1498 2792 appellantur,
1535 2741 1606 2792 qui
1631 2747 1669 2779 et
1694 2742 1777 2780 emi
1802 2747 1842 2780 et
1897 2746 1900 2750 '

425 2811 568 2850 venire
593 2810 683 2849 iure
708 2810 823 2849 civili
845 2817 1045 2862 possunt.
