2072 3222
396 184 437 210 VI
1010 175 1256 203 PRAEFATIO.

394 300 557 340 textum
596 298 723 348 atque
762 308 860 335 eum
897 291 1071 345 quidem
1109 293 1321 344 apparatu
1359 289 1501 331 critico
1535 288 1792 330 adornatum
1828 287 1874 328 in

396 392 522 420 usum
545 378 733 419 virorum
757 375 979 416 doctorum
1015 373 1270 422 exhiberem,
1307 372 1375 412 cui
1401 371 1521 413 omni
1555 385 1604 412 ex
1626 373 1747 424 parte
1769 369 1875 410 fides

396 460 542 502 haberi
575 461 730 514 posset.

486 544 534 583 ln
558 542 640 582 hoc
663 543 807 581 autem
832 552 957 592 opere
981 536 1246 579 conficiendo
1268 536 1355 577 iam
1372 535 1445 576 diu
1462 549 1618 576 versor.
1642 534 1755 576 Anni
1774 536 1877 575 sunt

397 626 492 679 plus
515 624 578 672 V„
604 637 653 664 ex
677 636 760 675 quo
777 621 921 674 prima
937 620 1066 661 huius
1087 618 1312 660 voluminis
1335 618 1508 671 plagula
1531 617 1644 671 typis
1666 616 1876 670 exscripta

399 710 484 755 est3
520 705 591 746 sed
632 718 728 745 cum
761 703 958 744 maximae
995 702 1149 755 quibus
1185 700 1392 741 distineor
1426 699 1738 752 occupationes,
1781 699 1874 739 tum

398 802 558 829 munus
594 787 701 828 illud
735 784 1222 826 honorificentissimum
1260 796 1285 823 a
1318 781 1565 823 JOSEPHO
1600 781 1792 823 Caesareo
1829 794 1878 821 ac

398 872 529 923 Regio
564 868 805 911 Archiduce
840 866 1123 910 Serenissimo
1158 865 1266 906 mihi
1302 863 1630 912 demandatum,
1663 863 1729 904 cui
1751 866 1800 904 ut
1834 862 1879 902 in

397 952 678 1006 grammatica
700 951 984 1005 Zingarorum
1008 947 1172 990 edenda
1194 948 1273 989 sibi
1297 947 1549 988 adiumento
1573 959 1709 987 essem
1733 947 1878 997 utque,

399 1035 511 1089 quod
533 1033 781 1088 appendicis
804 1031 1151 1086 encyclopaedicae
1173 1031 1266 1072 loco
1289 1030 1389 1070 huic
1422 1028 1713 1082 grammaticae
1751 1026 1877 1067 adde-

399 1120 527 1167 retur,
562 1115 860 1162 consriberem,
906 1127 976 1154 me
1008 1113 1091 1154 sibi
1124 1112 1429 1154 administrum
1462 1114 1502 1152 et
1534 1110 1696 1152 socium
1729 1109 1879 1150 adiun-

399 1213 493 1253 gere
532 1198 735 1246 collibuit,
782 1196 1013 1250 quominus
1051 1196 1203 1237 Festus
1241 1193 1383 1235 adhuc
1421 1194 1464 1234 in
1501 1193 1641 1233 lucem
1679 1191 1878 1245 prodiret,
1917 1244 1920 1246 v

401 1281 706 1334 impedimento
740 1282 878 1321 erant.

493 1363 689 1405 Ceterum
712 1361 865 1403 studiis
887 1360 994 1401 meis
1017 1360 1119 1413 quid
1142 1358 1342 1400 effectum
1366 1361 1489 1409 esset,
1523 1358 1609 1399 iam
1634 1356 1802 1411 saepius,
1846 1356 1881 1397 si

406 1445 569 1487 occasio
606 1446 774 1493 tulerat,
808 1442 1197 1490 commemorravi3
1232 1442 1277 1482 in
1314 1441 1466 1495 primis
1504 1443 1648 1481 autem
1687 1439 1732 1480 in
1767 1452 1880 1480 com-

404 1526 729 1576 mentariorum,
757 1526 831 1578 qui
855 1525 1142 1578 «Ungarische
1164 1526 1333 1565 Revue»
1362 1523 1666 1572 inscribuntur,
1686 1522 1738 1563 Π.
1762 1521 1880 1562 volu-

403 1611 518 1650 mine
543 1613 610 1658 (z
639 1607 995 1650 Festus-Studien
1019 1607 1249 1660 Budapest‚
1279 1606 1404 1647 1882.
1438 1605 1488 1646 de
1513 1618 1597 1658 qua
1619 1605 1880 1646 commenta-

403 1693 520 1734 tione
545 1691 588 1733 C.
611 1692 660 1732 E.
684 1691 884 1744 Georges,
917 1688 1172 1731 venerabilis
1194 1689 1264 1729 ille
1286 1689 1438 1729 Nestor
1474 1687 1803 1741 philologorum,
1836 1685 1881 1726 in

412 1774 743 1827 «Philologische
767 1772 1055 1813 Rundschau»
1090 1772 1142 1812 Π.
1168 1785 1239 1824 pp.
1269 1770 1482 1811 1106—8.
1517 1769 1744 1823 exposuit).
1787 1767 1882 1808 Alia

406 1856 762 1898 commentatione
805 1869 830 1896 a
866 1869 936 1895 me
980 1855 1149 1907 scripta,
1199 1868 1293 1907 quae
1332 1853 1375 1894 in
1425 1852 1664 1902 «Melanges
1709 1851 1874 1893 Graux»

404 1938 538 1987 Paris,
589 1938 784 1991 18811).
831 1937 1077 1978 ‹559—669.
1126 1936 1289 1978 Gallico
1334 1949 1530 1977 sermone
1574 1934 1734 1988 publici
1776 1933 1882 1974 iuris

409 2021 519 2061 facta
542 2023 615 2069 est,
650 2020 874 2073 exponitur
897 2019 946 2060 de
969 2019 1094 2061 Pauli
1117 2019 1334 2060 codicibus
1369 2018 1413 2059 in
1439 2018 1580 2060 Gallia
1615 2016 1881 2058 exstantibus

408 2102 631 2154 simulque,
657 2104 866 2154 quantum
891 2101 1025 2142 codici
1043 2101 1240 2142 Trecensi
1262 2100 1539 2141 tribuendum
1561 2099 1627 2149 sit,
1652 2098 1879 2139 indicatur.

493 2184 595 2224 Haec
617 2183 743 2224 editio
766 2183 932 2223 duobus
957 2184 1124 2223 constat
1146 2182 1451 2223 voluminibus.
1483 2181 1628 2222 Primo
1651 2179 1882 2229 volumine,

405 2264 521 2319 quod
556 2265 743 2305 virorum
778 2265 999 2306 doctorum
1037 2263 1342 2305 benevolentiae
1381 2262 1731 2304 commendatum
1767 2275 1883 2302 nunc

406 2347 450 2388 in
473 2347 611 2387 lucem
636 2346 797 2397 emitto,
831 2347 946 2388 Festi
980 2347 1188 2400 Paulique
1224 2347 1352 2387 verba
1374 2345 1662 2393 continentur,
1697 2345 1881 2385 alterum

407 2428 519 2482 quod
557 2442 669 2469 anno
703 2429 959 2470 circumacto
994 2428 1194 2482 prodibit,
1243 2431 1502 2481 apparatum
1538 2426 1732 2467 criticum
1767 2439 1882 2467 com-

407 2511 628 2565 plectetur.
662 2511 923 2562 Appendicis
960 2511 1052 2551 loco
1086 2510 1164 2551 toti
1199 2509 1316 2563 operi
1352 2510 1539 2551 codicem
1568 2510 1882 2551 Farnesianum

407 2590 740 2647 photographice
764 2607 1008 2645 expressum
1031 2607 1099 2634 me
1123 2592 1370 2634 additurum
1401 2606 1490 2633 esse
1526 2605 1661 2645 spero.

496 2676 642 2715 Restat
679 2676 726 2713 ut
764 2673 918 2715 diserte
961 2674 1120 2727 gratias
1162 2687 1286 2727 agam
1328 2672 1660 2716 ACADEMIAE
1701 2672 1882 2713 LITTE-

410 2755 608 2797 RARUM
640 2754 1021 2806 HUNGARICAE,
1055 2756 1175 2796 cuius
1206 2756 1325 2797 iussu
1361 2759 1401 2797 et
1434 2755 1640 2810 impensis
1675 2755 1754 2796 hoc
1777 2768 1884 2808 opus
