2072 3222
326 123 410 164 332
474 136 531 165 QU.
547 135 611 161 ΧΠ.
627 134 670 160 21.
733 137 855 164 FESTI
869 138 1026 166 FRAGM.
1042 139 1067 165 E
1083 138 1175 166 con.
1191 139 1314 167 FARN.
1330 140 1368 168 L.
1382 140 1467 168 XVI.
1655 141 1688 167 P.
1701 140 1754 165 0253
1766 142 1807 168 M.

322 960 357 985 10

317 1715 352 1739 20

274 2088 353 2127 '25

316 2490 350 2513 3ss

396 252 431 292 ri
453 252 672 293 frumenta
694 252 892 293 dicebant
915 253 1098 306 antiqui,
1138 267 1233 307 quae
1256 254 1307 295 de
1330 257 1490 308 vagina
1521 270 1613 297 non
1636 257 1747 299 bene

397 326 586 368 exibant.
737 325 756 383 ΙΙ
779 328 978 370 Paludati
1016 330 1060 369 in
1094 330 1217 371 libris
1260 332 1541 384 auguralibus
1584 333 1744 386 signifi-

395 406 477 453 eat,
529 406 576 445 ut
621 405 681 445 ait
711 405 938 453 Veranius,
970 406 1140 455 armati,
1202 407 1356 448 ornati.
1419 408 1569 449 omnia
1632 409 1747 450 enim

394 480 599 521 militaria
631 484 890 522 ornamenta
920 481 1238 535 paludamenta
1261 483 1357 524 diei.
1451 482 1469 540 ΙΙ
1492 485 1608 527 Ρι11·1.
1626 500 1745 527 men-

392 556 496 598 strio
525 559 542 595 1
571 571 662 598 esse
685 557 900 607 dicuntur,
926 559 1001 611 qui
1023 572 1245 600 sacrorum
1268 574 1398 602 eausa
1419 564 1507 603 toto
1529 576 1679 603 mense
1702 564 1747 604 in

395 633 642 674 cerimoniis
670 635 687 670 1
715 636 830 683 sunt,
882 634 992 675 idest
1043 637 1141 688 puri
1193 637 1279 677 sint
1333 638 1457 678 certis
1509 638 1638 679 rebus
1679 653 1744 680 oa-

394 709 543 750 rendo.
690 708 708 765 ΙΙ
732 711 854 760 me,
878 712 994 752 bona
1017 726 1112 762 vox,
1152 714 1268 754 velut
1290 713 1466 767 quidam
1495 716 1745 768 praesignifi-

394 799 488 827 care
541 786 723 837 videtur,
777 790 825 829 ut
867 790 927 829 ait
978 788 1125 830 Labeo
1171 789 1221 831 de
1274 792 1366 831 iure
1419 791 1645 844 pontificio
1697 792 1745 833 L.

392 863 464 904 XI.
671 862 689 919 ΙΙ
711 865 886 906 Penatis
908 865 1184 918 singulariter
1206 866 1350 909 Labeo
1373 868 1585 910 Antistius
1619 882 1746 922 posse

394 941 475 982 (1161
518 942 653 994 putat,
690 942 793 994 quia
821 942 1047 995 pluraliter
1077 943 1259 985 Penates
1294 944 1506 996 dieantur,
1540 960 1638 986 611111
1670 960 1744 999 pa·

392 1017 524 1058 tiatur
564 1018 705 1070 portio
744 1020 761 1060 1
800 1019 928 1059 etiam
964 1018 1104 1060 Penas
1134 1019 1229 1069 diei,
1275 1023 1321 1061 ut
1349 1021 1549 1074 optimas,
1570 1024 1746 1076 primas,

392 1095 556 1134 Antias
845 1092 863 1149 ΙΙ
887 1094 1152 1145 Proculiunt,
1198 1097 1463 1150 promittunt
1496 1100 1556 1139 ait
1588 1098 1745 1152 signifi-

392 1184 487 1212 care
521 1170 731 1211 Antistius
764 1171 816 1211 de
839 1173 929 1223 iure
957 1174 974 1206 1
1002 1173 1245 1225 pontificali
1267 1174 1315 1214 L.
1340 1175 1477 1215 VHH.
1625 1172 1643 1230 ΙΙ
1667 1175 1744 1217 Po—

391 1248 562 1302 pularia
601 1261 723 1289 saera
760 1251 875 1297 sunt,
913 1252 961 1290 ut
994 1250 1053 1290 ait
1087 1250 1247 1300 Labeo,
1291 1265 1387 1304 quae
1441 1266 1594 1293 omnes
1632 1252 1744 1293 cives

341 1339 354 1362 5
390 1325 569 1373 faciunt,
645 1338 724 1365 nee
798 1326 924 1367 certis
998 1327 1174 1367 familiis
1250 1328 1470 1369 abtributa
1535 1332 1552 1371 1
1619 1331 1744 1370 sunt:

391 1401 660 1451 Fornacalia,
713 1402 886 1451 Parilia,
939 1403 1082 1444 Laral.
1133 1406 1150 1436 1
1214 1418 1344 1458 porea
1396 1405 1657 1458 praecidania
1709 1408 1744 1446 1.

391 1475 410 1533 ΙΙ
435 1477 661 1519 Pollueere
693 1492 857 1520 merces
884 1512 893 1520 .
957 1513 965 1520 .
1031 1513 1039 1520 .
1105 1513 1113 1521 .
1178 1514 1185 1521 .
1251 1514 1259 1521 .
1286 1480 1425 1531 liceat,
1447 1484 1550 1522 sunt
1570 1481 1648 1532 far,
1673 1496 1744 1536 po-

390 1555 524 1603 lenta,
569 1556 733 1605 vinum,
768 1557 894 1609 panis
926 1556 1209 1604 fermentatis,
1259 1560 1276 1598 1
1321 1557 1426 1598 ficus
1470 1572 1608 1611 passa,
1643 1557 1742 1599 suil-

389 1632 441 1680 la,
496 1631 672 1683 bubula,
736 1633 912 1685 agnina,
976 1634 1103 1682 66661,
1168 1635 1311 1684 ovilla,
1375 1635 1497 1683 aliea,
1561 1641 1744 1684 sesama,

389 1711 429 1748 et
439 1709 598 1758 oleum,
608 1709 923 1761 pisees,quibus
942 1713 1003 1751 est
1017 1713 1379 1764 squama,praeter
1393 1715 1628 1764 squamam:
1644 1711 1752 1752 Her-

388 1784 474 1825 61111
507 1788 653 1826 autem
687 1786 835 1827 omnia
867 1787 1100 1828 :esculenta
1127 1790 1162 1836 1,
1210 1788 1466 1841 posculenta
1502 1791 1537 1829 1.
1600 1785 1619 1843 ΙΙ
1643 1788 1741 1829 Pro-

388 1862 546 1902 festum
582 1865 645 1903 est
666 1863 806 1904 facere
844 1865 860 1895 1
899 1866 1125 1916 tamquam
1161 1864 1396 1917 profanum
1432 1866 1584 1914 faeere,
1620 1864 1742 1914 idest,

388 1938 503 1991 quod
526 1952 576 1979 eo
601 1938 681 1988 die,
705 1941 777 1992 qui
800 1939 890 1980 dies
913 1940 1119 1980 feriarum
1144 1954 1234 1981 non
1270 1944 1346 1990 est,
1370 1941 1510 1982 faeere
1550 1944 1567 1983 1
1606 1941 1673 1982 vel
1697 1944 1745 1983 ut

389 2014 566 2067 quidam
598 2015 811 2064 dixerunt,
847 2030 925 2069 pro
962 2030 1012 2057 eo
1047 2017 1187 2058 faeere
1224 2018 1478 2059 7elutfe1‘iae
1517 2032 1609 2058 non
1632 2019 1743 2067 sint;

389 2093 465 2131 aut
486 2090 529 2131 id
562 2091 716 2141 faeere,
752 2093 867 2145 quod
902 2092 1004 2134 feris
1039 2093 1131 2134 fieri
1155 2107 1244 2134 non
1267 2094 1407 2135 liceat.
1442 2094 1592 2147 Itaque
1629 2093 1743 2135 diem

388 2168 644 2220 profestum,
661 2168 775 2210 diem
791 2171 884 2210 sine
899 2169 1015 2209 feriis
1032 2182 1137 2210 esse.
1172 2166 1191 2224 ΙΙ
1210 2169 1446 2211 Prot'anum
1460 2172 1536 2220 est,
1552 2169 1666 2223 quod
1680 2170 1741 2212 fa-

389 2245 433 2284 ni
454 2244 659 2297 religione
683 2258 773 2286 non
796 2248 980 2287 tenetur.
1174 2244 1192 2301 ΙΙ
1216 2246 1518 2288 Procubitores
1542 2247 1744 2288 dicuntur

389 2321 467 2360 feri
509 2321 661 2362 vetites
699 2324 733 2370 1,
783 2323 856 2374 qui
889 2325 1024 2363 noctu
1066 2323 1272 2364 eustodiae
1316 2338 1448 2365 causa
1499 2327 1600 2365 ante
1654 2337 1741 2365 oas-

388 2400 454 2437 tra
497 2397 740 2447 exeubant,
792 2413 891 2439 cum
936 2402 1073 2441 eastra
1136 2399 1328 2441 hostium
1396 2401 1441 2441 in
1491 2401 1741 2454 propinquo

386 2477 501 2523 sunt,
546 2477 592 2514 ut
634 2475 691 2515 M.
738 2474 844 2517 Cato
887 2477 933 2516 in
970 2490 1034 2526 eo,
1071 2490 1198 2530 quem
1234 2477 1284 2518 de
1320 2491 1364 2518 re
1399 2476 1579 2518 militari
1613 2478 1743 2530 serip-

389 2551 454 2591 sit.
607 2549 625 2607 ΙΙ
649 2552 898 2605 Proper-am,
950 2566 1029 2606 pro
1084 2553 1223 2602 661611,
1270 2567 1317 2593 ae
1360 2556 1535 2595 strenua
1587 2553 1742 2595 dixisse

388 2628 592 2680 antiquos
645 2629 898 2669 testimonio
944 2631 1009 2670 est
1056 2628 1176 2678 Cato,
1223 2644 1321 2670 611111
1375 2630 1435 2671 ait
1467 2630 1512 2670 in
1545 2631 1656 2671 libro
1690 2630 1740 2671 (16

386 2717 430 2743 re
476 2703 676 2744 militari:
736 2706 885 2756 «tertie
912 2711 929 2752 1
956 2705 1098 2746 fastris
1136 2708 1153 2745 1
1192 2706 1362 2747 eductio
1416 2707 1568 2747 celeris
1621 2721 1737 2760 pros-

386 2792 575 2832 peraque
613 2782 629 2809 1
668 2783 768 2821 est.»
838 2778 856 2835 ΙΙ
880 2781 991 2834 Prop
1035 2812 1043 2821 .
1083 2815 1091 2823 .
1126 2784 1194 2822 sta
1227 2781 1343 2822 dolia
1375 2782 1434 2823 ait
1467 2782 1551 2823 (1161
1594 2783 1743 2825 Labeo
