2072 3222
375 157 428 197 66
687 167 812 196 psum
833 167 1048 196 EXCERPTA
1070 167 1125 195 Ex
1147 167 1230 195 LIB.
1253 168 1381 195 POMP.
1404 167 1525 196 FEs'rr
1744 165 1854 191 ειη-91

373 285 611 326 Fulmen
635 283 797 324 dictum
821 297 845 324 a
867 282 1062 323 fulvore*
1085 282 1287 324 flammas.

373 354 609 406 Fuigere
633 353 763 407 prisci
785 366 864 406 pro
886 353 1012 394 ferire
1037 352 1252 403 dicebant,
1280 354 1396 395 unde
1406 351 1566 410 sulqas
1590 324 1753 397 dictum
1777 356 1851 394 est.

336 425 662 477 5Funebres
685 424 833 465 tibiae
858 423 1076 472 dicuntur,
1110 437 1209 464 cum
1234 424 1391 477 quibus
1426 427 1472 466 in
1496 425 1649 466 funere
1673 425 1851 473 canitur,

434 509 539 548 quas
562 495 728 536 1131111111
752 494 900 535 audire
923 494 1159 547 putabatur
1180 493 1412 536 inlicitum.

375 566 679 607 Flaminius
704 564 956 606 caminus
991 579 1100 618 puer
1133 565 1356 606 dicebatur
1389 567 1607 619 ingenuus
1644 565 1853 619 patrimes

435 639 475 677 et
496 637 731 684 matrimes,
757 637 830 688 qui
843 635 1013 676 flamini
1031 635 1148 677 Diali
1166 635 1219 677 ad
1237 635 1447 676 sacrificia
1460 635 1852 689 praeministrabat:

434 707 601 760 antiqui
643 708 761 748 enim
804 708 1026 748 ministros
1069 706 1267 747 camillos
1312 706 1525 747 dicebant.
1576 706 1662 747 Alii
1706 706 1856 747 dicunt

319 807 352 831 10
436 791 588 818 omnes
610 790 769 831 pueros
792 777 846 818 ab
870 777 1060 830 antiquis
1084 776 1283 818 6311111115
1306 777 1567 830 appellatos,
1591 778 1700 817 sicut
1722 777 1854 818 habe-

435 851 506 889 tur
541 849 586 888 in
624 849 804 900 antiquo
840 847 1044 905 carmine,
1085 860 1182 887 cum
1220 850 1341 900 pater
1376 847 1467 887 filio
1507 847 1558 888 (16
1593 847 1856 900 agricultura

434 919 708 973 praeciperet:
752 918 971 959 «Hiberno
1008 918 1199 971 pulvere,
1235 931 1370 959 verno
1393 918 1501 965 luto,
1534 917 1715 970 grandia
1743 918 1858 959 farra

437 990 619 1031 Camille
643 992 813 1032 1116165.»

376 1060 651 1101 Flaminia
692 1060 914 1101 dicebatur
943 1047 1252 1108 sacerdotum,
1308 1072 1401 1112 quae
1443 1059 1696 1100 Flaminicae
1740 1058 1859 1099 Diali

436 1131 813 1184 praeministrabat,
849 1144 985 1183 eaque
1020 1132 1226 1184 patrimes
1261 1132 1303 1171 61
1335 1132 1557 1171 matrimes
1592 1132 1694 1178 erat,
1729 1129 1771 1169 id
1795 1132 1859 1170 est

436 1204 603 1254 patrem
625 1204 894 1254 matremque
918 1200 1058 1241 adhuc
1086 1200 1206 1241 vivos
1229 1200 1431 1241 habebat.

378 1272 606 1313 Ficolea
628 1272 753 1325 palus
775 1271 1003 1312 116111116115.

379 1343 684 1395 Flaminius
710 1343 875 1384 lictor
897 1345 972 1391 est,
1011 1343 1084 1395 qui
1118 1342 1287 1383 flamini
1321 1342 1438 1383 Diali
1472 1354 1693 1382 sacrorum
1729 1354 1857 1382 causa

439 1429 501 1468 pr
492 1416 594 1455 6510
618 1416 693 1455 651.

380 1484 847 1536 Frequentarium
868 1484 1152 1536 fiequentem.

321 1567 356 1591 20
380 1555 710 1597 Fornacalia
732 1555 820 1596 feri
812 1570 844 1595 6
859 1554 1069 1595 111511111136
1084 1556 1186 1594 511111
1206 1553 1332 1595 farris
1353 1553 1547 1595 torrendi
1569 1553 1720 1606 gratia,
1745 1524 1859 1605 quod

440 1626 494 1668 ad
515 1627 752 1675 fornacem,
777 1639 871 1678 quae
894 1627 941 1665 in
954 1624 1150 1678 pistrinis
1169 1627 1271 1673 erat,
1287 1623 1545 1665 sacrificium
1559 1623 1653 1664 fieri
1675 1623 1857 1665 solebat.

381 1698 629 1739 Furvum
651 1698 819 1745 bovem,
844 1696 888 1737 id
911 1699 974 1737 est
995 1697 1184 1749 nigrum,
1208 1695 1498 1736 immolabant
1519 1695 1724 1737 Aterno*.

383 1768 693 1810 Ferentarii
715 1768 821 1808 levis
844 1769 1073 1808 armaturae
1099 1768 1375 1819 pugnatores.

383 1838 707 1880 Faustulum
728 1836 1039 1889 porcfflum,
1063 1837 1250 1878 feturam
1272 1850 1515 1890 porcorum.

325 1920 358 1944 25
383 1909 694 1951 Familiaris
716 1908 1013 1957 Romanus
1036 1908 1228 1960 privatus
1250 1909 1487 1948 Romanus.

383 1981 549 2029 Pana,
574 1979 690 2032 quod
711 1978 843 2020 fando
867 1980 1189 2019 consecrantur.

383 2051 562 2092 Fastis
596 2050 749 2091 diebus
777 2048 993 2090 iocunda4
1026 2049 1105 2089 fari
1127 2049 1300 2098 licebat,
1336 2046 1514 2105 mjfastis
1549 2047 1746 2100 quaedam
1768 2061 1858 2089 non

443 2122 601 2162 licebat
622 2121 714 2161 fari.

385 2192 571 2232 Fenus
594 2190 837 2244 appellatur
858 2189 1069 2231 naturalis
1103 2192 1225 2230 terrae
1259 2190 1396 2238 fetus,
1433 2190 1488 2231 ob
1522 2203 1651 2242 quam
1685 2202 1858 2230 causam

327 2272 362 2297 30
447 2266 486 2304 et
508 2275 791 2303 nummorum
815 2262 926 2302 fetus
956 2258 1082 2312 fenus
1107 2265 1170 2302 est
1191 2264 1405 2309 vocatum,
1442 2263 1482 2301 et
1504 2260 1554 2301 de
1592 2274 1642 2301 ea
1662 2274 1707 2301 re
1742 2261 1858 2312 leges

432 2330 644 2389 fenebres.

320 1185 353 1210 15

389 2471 612 2515 Gerrae
627 2476 762 2514 crates
776 2472 990 2513 vimineae.
1008 2472 1297 2514 Athenienses
1313 2486 1411 2513 cum
1435 2471 1666 2525 Syracusas
1691 2470 1858 2512 obside·

447 2547 543 2585 rent
580 2547 620 2584 et
652 2543 800 2584 crebro
834 2557 978 2596 geri-as
1009 2548 1250 2596 poscerent,
1284 2542 1513 2584 irridentes
1549 2542 1683 2583 Siculi
1715 2554 1861 2595 gerras

331 2628 363 2651 3⁵
448 2613 744 2654 clamitabant.
780 2613 905 2654 Unde
927 2613 1089 2654 factum
1114 2616 1189 2663 est,
1222 2616 1270 2654 ut
1291 2627 1423 2666 gerrae
1446 2626 1523 2666 pro
1547 2614 1674 2665 nugis
1698 2614 1740 2653 et
1761 2625 1859 2653 con-

446 2685 614 2736 temptu
638 2683 850 2724 dicantur.

392 2755 575 2797 Genas
598 2752 769 2794 Ennius
791 2754 1022 2807 palpebras
1045 2755 1180 2807 putat,
1205 2767 1303 2794 cum
1318 2752 1420 2793 dicit
1442 2753 1525 2794 hoc
1547 2766 1698 2793 versu:
1730 2752 1861 2793 «Pan-

450 2825 549 2873 dite,
573 2825 731 2873 sulti'*,
764 2838 911 2876 genas,
936 2828 976 2865 et
998 2824 1123 2871 corde
1146 2823 1376 2876 relinquite
1411 2836 1651 2864 somnum.»
1682 2823 1766 2863 Alii
1790 2833 1861 2863 eas

1890 435 1925 469 93

1896 2203 1931 2237 94
