<?xml version="1.0" encoding="UTF-8"?>
<!DOCTYPE html PUBLIC "-//W3C//DTD XHTML 1.0 Transitional//EN"
    "http://www.w3.org/TR/xhtml1/DTD/xhtml1-transitional.dtd">
<html xmlns="http://www.w3.org/1999/xhtml" xml:lang="en" lang="en">
 <head>
  <title>
</title>
<meta http-equiv="Content-Type" content="text/html;charset=utf-8" />
  <meta name='ocr-system' content='tesseract 3.04.00' />
  <meta name='ocr-capabilities' content='ocr_page ocr_carea ocr_par ocr_line ocrx_word'/>
</head>
<body>
  <div class='ocr_page' id='page_1' title='image "./deverborumsignif00festuoft_0238.png"; bbox 0 0 2072 3222; ppageno 0'>
   <div class='ocr_carea' id='block_1_1' title="bbox 357 154 1833 195">
    <p class='ocr_par' dir='ltr' id='par_1_1' title="bbox 357 154 1833 195">
     <span class='ocr_line' id='line_1_1' title="bbox 357 154 1833 195; baseline -0.003 -2"><span class='ocrx_word' id='word_1_1' title='bbox 357 154 442 194; x_wconf 57' lang='lat'>‘220</span> <span class='ocrx_word' id='word_1_2' title='bbox 503 167 559 195; x_wconf 83' lang='lat' dir='ltr'>QU.</span> <span class='ocrx_word' id='word_1_3' title='bbox 582 166 617 190; x_wconf 87' lang='lat' dir='ltr'>X.</span> <span class='ocrx_word' id='word_1_4' title='bbox 637 165 663 190; x_wconf 81' lang='grc'>9.</span> <span class='ocrx_word' id='word_1_5' title='bbox 763 165 884 194; x_wconf 78' lang='lat' dir='ltr'>FESTI</span> <span class='ocrx_word' id='word_1_6' title='bbox 900 165 1055 193; x_wconf 78' lang='lat' dir='ltr'><strong>FRAGM.</strong></span> <span class='ocrx_word' id='word_1_7' title='bbox 1072 165 1127 193; x_wconf 88' lang='lat' dir='ltr'>EX</span> <span class='ocrx_word' id='word_1_8' title='bbox 1141 165 1289 194; x_wconf 84' lang='lat' dir='ltr'><strong>APOGR.</strong></span> <span class='ocrx_word' id='word_1_9' title='bbox 1307 166 1344 194; x_wconf 84' lang='lat' dir='ltr'>L.</span> <span class='ocrx_word' id='word_1_10' title='bbox 1361 166 1443 194; x_wconf 86' lang='lat' dir='ltr'><strong>XIV.</strong></span> <span class='ocrx_word' id='word_1_11' title='bbox 1673 166 1701 190; x_wconf 86' lang='lat' dir='ltr'>P.</span> <span class='ocrx_word' id='word_1_12' title='bbox 1726 164 1776 190; x_wconf 81' lang='lat'>193</span> <span class='ocrx_word' id='word_1_13' title='bbox 1796 166 1833 189; x_wconf 84' lang='lat' dir='ltr'>M.</span> 
     </span>
    </p>
   </div>
   <div class='ocr_carea' id='block_1_2' title="bbox 377 604 392 629">
    <p class='ocr_par' dir='ltr' id='par_1_2' title="bbox 377 604 392 629">
     <span class='ocr_line' id='line_1_2' title="bbox 377 604 392 629; baseline 0 0"><span class='ocrx_word' id='word_1_14' title='bbox 377 604 392 629; x_wconf 89' lang='lat'>5</span> 
     </span>
    </p>
   </div>
   <div class='ocr_carea' id='block_1_3' title="bbox 358 979 392 1005">
    <p class='ocr_par' dir='ltr' id='par_1_3' title="bbox 358 979 392 1005">
     <span class='ocr_line' id='line_1_3' title="bbox 358 979 392 1005; baseline 0 -1"><span class='ocrx_word' id='word_1_15' title='bbox 358 979 392 1005; x_wconf 80' lang='lat'>10</span> 
     </span>
    </p>
   </div>
   <div class='ocr_carea' id='block_1_4' title="bbox 426 280 1784 1333">
    <p class='ocr_par' dir='ltr' id='par_1_4' title="bbox 426 280 1784 1333">
     <span class='ocr_line' id='line_1_4' title="bbox 428 280 1779 323; baseline 0 -1"><span class='ocrx_word' id='word_1_16' title='bbox 428 283 508 323; x_wconf 83' lang='lat' dir='ltr'>bus</span> <span class='ocrx_word' id='word_1_17' title='bbox 555 281 708 323; x_wconf 91' lang='lat' dir='ltr'>tribus.</span> <span class='ocrx_word' id='word_1_18' title='bbox 744 280 1013 322; x_wconf 80' lang='lat' dir='ltr'>obsidionali</span> <span class='ocrx_word' id='word_1_19' title='bbox 1060 294 1162 322; x_wconf 86' lang='lat' dir='ltr'>una.</span> <span class='ocrx_word' id='word_1_20' title='bbox 1211 281 1330 322; x_wconf 90' lang='lat' dir='ltr'>Inter</span> <span class='ocrx_word' id='word_1_21' title='bbox 1375 280 1692 322; x_wconf 76' lang='lat' dir='ltr'>obsidionalem</span> <span class='ocrx_word' id='word_1_22' title='bbox 1738 283 1779 322; x_wconf 87' lang='lat' dir='ltr'>et</span> 
     </span>
     <span class='ocr_line' id='line_1_5' title="bbox 428 357 1778 411; baseline -0.001 -12"><span class='ocrx_word' id='word_1_23' title='bbox 428 360 607 400; x_wconf 76' lang='lat' dir='ltr'>civicam</span> <span class='ocrx_word' id='word_1_24' title='bbox 681 358 763 400; x_wconf 79' lang='lat' dir='ltr'>hoo</span> <span class='ocrx_word' id='word_1_25' title='bbox 838 358 1069 399; x_wconf 75' lang='lat' dir='ltr'>interesse:</span> <span class='ocrx_word' id='word_1_26' title='bbox 1133 359 1268 400; x_wconf 85' lang='lat' dir='ltr'>altera</span> <span class='ocrx_word' id='word_1_27' title='bbox 1331 357 1564 411; x_wconf 86' lang='lat' dir='ltr'>singularis</span> <span class='ocrx_word' id='word_1_28' title='bbox 1625 358 1778 399; x_wconf 87' lang='lat' dir='ltr'>salutis</span> 
     </span>
     <span class='ocr_line' id='line_1_6' title="bbox 428 433 1776 488; baseline 0 -13"><span class='ocrx_word' id='word_1_29' title='bbox 428 435 601 488; x_wconf 87' lang='lat' dir='ltr'>signum</span> <span class='ocrx_word' id='word_1_30' title='bbox 650 437 735 482; x_wconf 88' lang='lat' dir='ltr'>est;</span> <span class='ocrx_word' id='word_1_31' title='bbox 784 433 922 475; x_wconf 79' lang='lat' dir='ltr'>altera</span> <span class='ocrx_word' id='word_1_32' title='bbox 969 433 1240 475; x_wconf 85' lang='lat' dir='ltr'>diversorum</span> <span class='ocrx_word' id='word_1_33' title='bbox 1288 433 1447 475; x_wconf 79' lang='lat' dir='ltr'>civium</span> <span class='ocrx_word' id='word_1_34' title='bbox 1495 436 1776 475; x_wconf 88' lang='lat' dir='ltr'>servatorum.</span> 
     </span>
     <span class='ocr_line' id='line_1_7' title="bbox 427 509 1780 567; baseline -0.001 -15"><span class='ocrx_word' id='word_1_35' title='bbox 427 509 447 567; x_wconf 84' lang='grc' dir='ltr'>ΙΙ</span> <span class='ocrx_word' id='word_1_36' title='bbox 481 510 699 553; x_wconf 88' lang='lat' dir='ltr'>Obstitum</span> <span class='ocrx_word' id='word_1_37' title='bbox 778 510 971 552; x_wconf 79' lang='lat' dir='ltr'>Cloatius</span> <span class='ocrx_word' id='word_1_38' title='bbox 1036 513 1077 551; x_wconf 85' lang='lat' dir='ltr'>et</span> <span class='ocrx_word' id='word_1_39' title='bbox 1137 511 1287 552; x_wconf 89' lang='lat' dir='ltr'>Aelius</span> <span class='ocrx_word' id='word_1_40' title='bbox 1351 510 1459 553; x_wconf 84' lang='lat' dir='ltr'>Stilo</span> <span class='ocrx_word' id='word_1_41' title='bbox 1514 524 1604 552; x_wconf 86' lang='lat' dir='ltr'>esse</span> <span class='ocrx_word' id='word_1_42' title='bbox 1658 512 1780 553; x_wconf 84' lang='lat' dir='ltr'>aiunt</span> 
     </span>
     <span class='ocr_line' id='line_1_8' title="bbox 426 586 1779 641; baseline -0.001 -12"><span class='ocrx_word' id='word_1_43' title='bbox 426 587 638 629; x_wconf 86' lang='lat' dir='ltr'>violatum</span> <span class='ocrx_word' id='word_1_44' title='bbox 713 589 1011 641; x_wconf 84' lang='lat' dir='ltr'>attaetumque</span> <span class='ocrx_word' id='word_1_45' title='bbox 1087 587 1137 627; x_wconf 84' lang='lat' dir='ltr'>de</span> <span class='ocrx_word' id='word_1_46' title='bbox 1227 587 1343 628; x_wconf 75' lang='lat' dir='ltr'>oaelo.</span> <span class='ocrx_word' id='word_1_47' title='bbox 1409 586 1583 628; x_wconf 77' lang='lat' dir='ltr'>Cincius</span> <span class='ocrx_word' id='word_1_48' title='bbox 1647 600 1779 640; x_wconf 86' lang='lat' dir='ltr'>quom</span> 
     </span>
     <span class='ocr_line' id='line_1_9' title="bbox 429 663 1779 718; baseline 0 -13"><span class='ocrx_word' id='word_1_49' title='bbox 429 665 503 718; x_wconf 88' lang='lat' dir='ltr'>qui</span> <span class='ocrx_word' id='word_1_50' title='bbox 565 663 645 705; x_wconf 91' lang='lat' dir='ltr'>deo</span> <span class='ocrx_word' id='word_1_51' title='bbox 709 663 909 717; x_wconf 68' lang='lat' dir='ltr'>deeque†</span> <span class='ocrx_word' id='word_1_52' title='bbox 972 664 1196 713; x_wconf 88' lang='lat' dir='ltr'>obstiterit,</span> <span class='ocrx_word' id='word_1_53' title='bbox 1263 664 1303 704; x_wconf 89' lang='lat' dir='ltr'>id</span> <span class='ocrx_word' id='word_1_54' title='bbox 1368 667 1431 705; x_wconf 85' lang='lat' dir='ltr'>est</span> <span class='ocrx_word' id='word_1_55' title='bbox 1485 663 1559 718; x_wconf 89' lang='lat' dir='ltr'>qui</span> <span class='ocrx_word' id='word_1_56' title='bbox 1612 663 1779 713; x_wconf 84' lang='lat' dir='ltr'>viderit,</span> 
     </span>
     <span class='ocr_line' id='line_1_10' title="bbox 429 738 1778 796; baseline 0 -14"><span class='ocrx_word' id='word_1_57' title='bbox 429 741 544 795; x_wconf 79' lang='lat' dir='ltr'>quod</span> <span class='ocrx_word' id='word_1_58' title='bbox 590 740 723 781; x_wconf 86' lang='lat' dir='ltr'>videri</span> <span class='ocrx_word' id='word_1_59' title='bbox 755 740 877 781; x_wconf 84' lang='lat' dir='ltr'>nefas</span> <span class='ocrx_word' id='word_1_60' title='bbox 910 743 1032 781; x_wconf 85' lang='lat' dir='ltr'>esset.</span> <span class='ocrx_word' id='word_1_61' title='bbox 1082 738 1101 796; x_wconf 88' lang='grc' dir='ltr'>ΙΙ</span> <span class='ocrx_word' id='word_1_62' title='bbox 1126 740 1369 790; x_wconf 88' lang='lat' dir='ltr'>Obstinato‚</span> <span class='ocrx_word' id='word_1_63' title='bbox 1403 740 1651 788; x_wconf 87' lang='lat' dir='ltr'>obfirmato,</span> <span class='ocrx_word' id='word_1_64' title='bbox 1686 754 1778 794; x_wconf 87' lang='lat' dir='ltr'>per-</span> 
     </span>
     <span class='ocr_line' id='line_1_11' title="bbox 428 817 1778 871; baseline -0.001 -12"><span class='ocrx_word' id='word_1_65' title='bbox 428 819 656 868; x_wconf 83' lang='lat' dir='ltr'>severanti,</span> <span class='ocrx_word' id='word_1_66' title='bbox 704 819 751 858; x_wconf 91' lang='lat' dir='ltr'>ut</span> <span class='ocrx_word' id='word_1_67' title='bbox 796 821 943 859; x_wconf 89' lang='lat' dir='ltr'>tenere</span> <span class='ocrx_word' id='word_1_68' title='bbox 990 818 1138 871; x_wconf 81' lang='lat' dir='ltr'>possit,</span> <span class='ocrx_word' id='word_1_69' title='bbox 1185 820 1231 858; x_wconf 91' lang='lat' dir='ltr'>ut</span> <span class='ocrx_word' id='word_1_70' title='bbox 1275 817 1515 858; x_wconf 79' lang='lat' dir='ltr'>Pacuvius:</span> <span class='ocrx_word' id='word_1_71' title='bbox 1567 817 1778 858; x_wconf 90' lang='lat' dir='ltr'>«obstina-</span> 
     </span>
     <span class='ocr_line' id='line_1_12' title="bbox 428 893 1779 947; baseline -0.001 -11"><span class='ocrx_word' id='word_1_72' title='bbox 428 895 461 936; x_wconf 91' lang='lat' dir='ltr'>ti</span> <span class='ocrx_word' id='word_1_73' title='bbox 483 901 500 928; x_wconf 61' lang='lat'><em>4</em></span> <span class='ocrx_word' id='word_1_74' title='bbox 523 897 693 935; x_wconf 78' lang='lat' dir='ltr'>exortus</span> <span class='ocrx_word' id='word_1_75' title='bbox 715 901 770 942; x_wconf 79' lang='lat'>†.»›</span> <span class='ocrx_word' id='word_1_76' title='bbox 799 896 850 935; x_wconf 91' lang='lat' dir='ltr'>ut</span> <span class='ocrx_word' id='word_1_77' title='bbox 871 894 1025 935; x_wconf 77' lang='lat' dir='ltr'>Accius</span> <span class='ocrx_word' id='word_1_78' title='bbox 1049 895 1095 935; x_wconf 91' lang='lat' dir='ltr'>in</span> <span class='ocrx_word' id='word_1_79' title='bbox 1117 893 1459 947; x_wconf 75' lang='lat' dir='ltr'>Amphitryone:</span> <span class='ocrx_word' id='word_1_80' title='bbox 1491 894 1570 935; x_wconf 85' lang='lat' dir='ltr'>«Ut</span> <span class='ocrx_word' id='word_1_81' title='bbox 1592 897 1683 935; x_wconf 88' lang='lat' dir='ltr'>tam</span> <span class='ocrx_word' id='word_1_82' title='bbox 1706 893 1779 934; x_wconf 91' lang='lat' dir='ltr'>ob—</span> 
     </span>
     <span class='ocr_line' id='line_1_13' title="bbox 427 970 1780 1020; baseline -0.001 -8"><span class='ocrx_word' id='word_1_83' title='bbox 427 971 587 1013; x_wconf 87' lang='lat' dir='ltr'>stinato</span> <span class='ocrx_word' id='word_1_84' title='bbox 648 972 795 1012; x_wconf 84' lang='lat' dir='ltr'>animo</span> <span class='ocrx_word' id='word_1_85' title='bbox 858 970 1045 1011; x_wconf 77' lang='lat' dir='ltr'>confisus</span> <span class='ocrx_word' id='word_1_86' title='bbox 1102 972 1217 1011; x_wconf 86' lang='lat' dir='ltr'>tuo.»</span> <span class='ocrx_word' id='word_1_87' title='bbox 1285 970 1388 1012; x_wconf 89' lang='lat' dir='ltr'>Cato</span> <span class='ocrx_word' id='word_1_88' title='bbox 1449 971 1493 1011; x_wconf 85' lang='lat' dir='ltr'>in</span> <span class='ocrx_word' id='word_1_89' title='bbox 1548 970 1595 1020; x_wconf 76' lang='lat' dir='ltr'>Q.</span> <span class='ocrx_word' id='word_1_90' title='bbox 1649 970 1780 1011; x_wconf 83' lang='lat' dir='ltr'>Ther-</span> 
     </span>
     <span class='ocr_line' id='line_1_14' title="bbox 429 1046 1780 1096; baseline -0.001 -7"><span class='ocrx_word' id='word_1_91' title='bbox 429 1062 551 1089; x_wconf 92' lang='lat' dir='ltr'>mum</span> <span class='ocrx_word' id='word_1_92' title='bbox 599 1047 650 1089; x_wconf 88' lang='lat' dir='ltr'>de</span> <span class='ocrx_word' id='word_1_93' title='bbox 698 1048 748 1089; x_wconf 80' lang='lat' dir='ltr'>X.</span> <span class='ocrx_word' id='word_1_94' title='bbox 799 1048 1076 1089; x_wconf 84' lang='lat' dir='ltr'>hominibus:</span> <span class='ocrx_word' id='word_1_95' title='bbox 1148 1049 1421 1096; x_wconf 82' lang='lat' dir='ltr'>«Rumorem,</span> <span class='ocrx_word' id='word_1_96' title='bbox 1471 1047 1634 1089; x_wconf 82' lang='lat' dir='ltr'>famem</span> <span class='ocrx_word' id='word_1_97' title='bbox 1681 1046 1780 1088; x_wconf 85' lang='lat' dir='ltr'>floe-</span> 
     </span>
     <span class='ocr_line' id='line_1_15' title="bbox 430 1123 1783 1178; baseline -0.001 -13"><span class='ocrx_word' id='word_1_98' title='bbox 430 1125 467 1165; x_wconf 86' lang='lat' dir='ltr'>ei</span> <span class='ocrx_word' id='word_1_99' title='bbox 541 1125 639 1166; x_wconf 82' lang='lat' dir='ltr'>feeit</span> <span class='ocrx_word' id='word_1_100' title='bbox 714 1127 916 1178; x_wconf 71' lang='lat' dir='ltr'>capitas†</span> <span class='ocrx_word' id='word_1_101' title='bbox 991 1124 1151 1178; x_wconf 86' lang='lat' dir='ltr'>stupris</span> <span class='ocrx_word' id='word_1_102' title='bbox 1215 1125 1473 1173; x_wconf 85' lang='lat' dir='ltr'>obstinatus,</span> <span class='ocrx_word' id='word_1_103' title='bbox 1537 1123 1783 1177; x_wconf 83' lang='lat' dir='ltr'>insignibus</span> 
     </span>
     <span class='ocr_line' id='line_1_16' title="bbox 430 1200 1784 1254; baseline -0.001 -12"><span class='ocrx_word' id='word_1_104' title='bbox 430 1201 640 1254; x_wconf 83' lang='lat' dir='ltr'>flagitiis.»</span> <span class='ocrx_word' id='word_1_105' title='bbox 711 1201 882 1242; x_wconf 80' lang='lat' dir='ltr'>Naevius</span> <span class='ocrx_word' id='word_1_106' title='bbox 947 1202 991 1242; x_wconf 93' lang='lat' dir='ltr'>in</span> <span class='ocrx_word' id='word_1_107' title='bbox 1048 1201 1267 1254; x_wconf 81' lang='lat' dir='ltr'>Lyeurgo:</span> <span class='ocrx_word' id='word_1_108' title='bbox 1342 1201 1451 1242; x_wconf 87' lang='lat' dir='ltr'>«Vos</span> <span class='ocrx_word' id='word_1_109' title='bbox 1506 1200 1580 1254; x_wconf 86' lang='lat' dir='ltr'>qui</span> <span class='ocrx_word' id='word_1_110' title='bbox 1634 1202 1784 1242; x_wconf 83' lang='lat' dir='ltr'>astatis</span> 
     </span>
     <span class='ocr_line' id='line_1_17' title="bbox 430 1276 1783 1333; baseline -0.003 -13"><span class='ocrx_word' id='word_1_111' title='bbox 430 1278 678 1320; x_wconf 74' lang='lat' dir='ltr'>obstinati.»</span> <span class='ocrx_word' id='word_1_112' title='bbox 703 1276 1037 1333; x_wconf 70' lang='lat' dir='ltr'>}&#39;«Obstrudant,</span> <span class='ocrx_word' id='word_1_113' title='bbox 1060 1278 1307 1319; x_wconf 72' lang='lat' dir='ltr'>obsatulent</span> <span class='ocrx_word' id='word_1_114' title='bbox 1330 1283 1387 1324; x_wconf 68' lang='lat'>†»‚</span> <span class='ocrx_word' id='word_1_115' title='bbox 1414 1277 1468 1318; x_wconf 83' lang='lat' dir='ltr'>ab</span> <span class='ocrx_word' id='word_1_116' title='bbox 1492 1276 1615 1317; x_wconf 85' lang='lat' dir='ltr'>avide</span> <span class='ocrx_word' id='word_1_117' title='bbox 1638 1278 1783 1317; x_wconf 87' lang='lat' dir='ltr'>truen-</span> 
     </span>
    </p>
   </div>
   <div class='ocr_carea' id='block_1_5' title="bbox 357 1352 1784 1407">
    <p class='ocr_par' dir='ltr' id='par_1_5' title="bbox 357 1352 1784 1407">
     <span class='ocr_line' id='line_1_18' title="bbox 357 1352 1784 1407; baseline 0 -15"><span class='ocrx_word' id='word_1_118' title='bbox 357 1367 392 1393; x_wconf 87' lang='lat'>15</span> <span class='ocrx_word' id='word_1_119' title='bbox 428 1354 483 1395; x_wconf 92' lang='lat' dir='ltr'>do</span> <span class='ocrx_word' id='word_1_120' title='bbox 559 1353 778 1407; x_wconf 77' lang='lat' dir='ltr'>cyngilam</span> <span class='ocrx_word' id='word_1_121' title='bbox 802 1360 833 1403; x_wconf 79' lang='lat'>†,</span> <span class='ocrx_word' id='word_1_122' title='bbox 896 1368 985 1395; x_wconf 91' lang='lat' dir='ltr'>non</span> <span class='ocrx_word' id='word_1_123' title='bbox 1049 1354 1263 1395; x_wconf 89' lang='lat' dir='ltr'>sumendo</span> <span class='ocrx_word' id='word_1_124' title='bbox 1329 1353 1487 1394; x_wconf 83' lang='lat' dir='ltr'>eibum.</span> <span class='ocrx_word' id='word_1_125' title='bbox 1553 1352 1678 1393; x_wconf 89' lang='lat' dir='ltr'>Unde</span> <span class='ocrx_word' id='word_1_126' title='bbox 1743 1354 1784 1393; x_wconf 87' lang='lat' dir='ltr'>et</span> 
     </span>
    </p>
   </div>
   <div class='ocr_carea' id='block_1_6' title="bbox 363 1756 399 1780">
    <p class='ocr_par' dir='ltr' id='par_1_6' title="bbox 363 1756 399 1780">
     <span class='ocr_line' id='line_1_19' title="bbox 363 1756 399 1780; baseline 0 0"><span class='ocrx_word' id='word_1_127' title='bbox 363 1756 399 1780; x_wconf 84' lang='lat'>20</span> 
     </span>
    </p>
   </div>
   <div class='ocr_carea' id='block_1_7' title="bbox 364 2144 399 2168">
    <p class='ocr_par' dir='ltr' id='par_1_7' title="bbox 364 2144 399 2168">
     <span class='ocr_line' id='line_1_20' title="bbox 364 2144 399 2168; baseline 0 0"><span class='ocrx_word' id='word_1_128' title='bbox 364 2144 399 2168; x_wconf 81' lang='lat'>25</span> 
     </span>
    </p>
   </div>
   <div class='ocr_carea' id='block_1_8' title="bbox 367 2520 402 2545">
    <p class='ocr_par' dir='ltr' id='par_1_8' title="bbox 367 2520 402 2545">
     <span class='ocr_line' id='line_1_21' title="bbox 367 2520 402 2545; baseline -0.057 0"><span class='ocrx_word' id='word_1_129' title='bbox 367 2520 402 2545; x_wconf 86' lang='lat'>30</span> 
     </span>
    </p>
   </div>
   <div class='ocr_carea' id='block_1_9' title="bbox 432 1430 1789 2708">
    <p class='ocr_par' dir='ltr' id='par_1_9' title="bbox 432 1430 1413 1472">
     <span class='ocr_line' id='line_1_22' title="bbox 432 1430 1413 1472; baseline -0.001 -1"><span class='ocrx_word' id='word_1_130' title='bbox 432 1430 813 1472; x_wconf 81' lang='lat' dir='ltr'>obstrudulentum</span> <span class='ocrx_word' id='word_1_131' title='bbox 1110 1465 1117 1471; x_wconf 95' lang='lat'>.</span> <span class='ocrx_word' id='word_1_132' title='bbox 1185 1462 1192 1470; x_wconf 92' lang='lat'><strong>.</strong></span> <span class='ocrx_word' id='word_1_133' title='bbox 1332 1464 1339 1470; x_wconf 91' lang='lat'><strong>.</strong></span> <span class='ocrx_word' id='word_1_134' title='bbox 1405 1462 1413 1470; x_wconf 91' lang='lat'><strong><em>.</em></strong></span> 
     </span>
    </p>

    <p class='ocr_par' dir='ltr' id='par_1_10' title="bbox 432 1505 1789 2708">
     <span class='ocr_line' id='line_1_23' title="bbox 433 1505 1783 1560; baseline -0.001 -13"><span class='ocrx_word' id='word_1_135' title='bbox 433 1507 538 1548; x_wconf 79' lang='lat' dir='ltr'>(lixit</span> <span class='ocrx_word' id='word_1_136' title='bbox 601 1506 808 1548; x_wconf 83' lang='lat' dir='ltr'>Titinius:</span> <span class='ocrx_word' id='word_1_137' title='bbox 881 1507 1233 1549; x_wconf 86' lang='lat' dir='ltr'>«Obstrudulenti</span> <span class='ocrx_word' id='word_1_138' title='bbox 1286 1506 1466 1560; x_wconf 84' lang='lat' dir='ltr'>aliquid,</span> <span class='ocrx_word' id='word_1_139' title='bbox 1521 1505 1637 1559; x_wconf 80' lang='lat' dir='ltr'>quod</span> <span class='ocrx_word' id='word_1_140' title='bbox 1689 1519 1783 1558; x_wconf 84' lang='lat' dir='ltr'>peo-</span> 
     </span>
     <span class='ocr_line' id='line_1_24' title="bbox 432 1582 1784 1633; baseline -0.002 -8"><span class='ocrx_word' id='word_1_141' title='bbox 432 1587 522 1625; x_wconf 90' lang='lat' dir='ltr'>tam</span> <span class='ocrx_word' id='word_1_142' title='bbox 616 1582 782 1633; x_wconf 77' lang='lat' dir='ltr'>sedens,</span> <span class='ocrx_word' id='word_1_143' title='bbox 876 1585 951 1624; x_wconf 87' lang='lat' dir='ltr'>aut</span> <span class='ocrx_word' id='word_1_144' title='bbox 1043 1583 1366 1629; x_wconf 73' lang='lat' dir='ltr'>luculentaster,</span> <span class='ocrx_word' id='word_1_145' title='bbox 1461 1585 1535 1623; x_wconf 86' lang='lat' dir='ltr'>aut</span> <span class='ocrx_word' id='word_1_146' title='bbox 1625 1583 1784 1623; x_wconf 82' lang='lat' dir='ltr'>forma-</span> 
     </span>
     <span class='ocr_line' id='line_1_25' title="bbox 433 1658 1784 1715; baseline -0.002 -14"><span class='ocrx_word' id='word_1_147' title='bbox 433 1663 518 1701; x_wconf 85' lang='lat' dir='ltr'>ster</span> <span class='ocrx_word' id='word_1_148' title='bbox 619 1660 836 1713; x_wconf 85' lang='lat' dir='ltr'>frigidus.»</span> <span class='ocrx_word' id='word_1_149' title='bbox 960 1658 980 1715; x_wconf 90' lang='grc' dir='ltr'>ΙΙ</span> <span class='ocrx_word' id='word_1_150' title='bbox 1005 1659 1241 1709; x_wconf 78' lang='lat' dir='ltr'>obsidium,</span> <span class='ocrx_word' id='word_1_151' title='bbox 1335 1662 1547 1713; x_wconf 78' lang='lat' dir='ltr'>tanquam</span> <span class='ocrx_word' id='word_1_152' title='bbox 1639 1658 1784 1712; x_wconf 61' lang='lat' dir='ltr'>praesi-</span> 
     </span>
     <span class='ocr_line' id='line_1_26' title="bbox 433 1736 1785 1786; baseline -0.001 -9"><span class='ocrx_word' id='word_1_153' title='bbox 433 1736 567 1777; x_wconf 86' lang='lat' dir='ltr'>dium.</span> <span class='ocrx_word' id='word_1_154' title='bbox 663 1736 918 1786; x_wconf 82' lang='lat' dir='ltr'>subsidium,</span> <span class='ocrx_word' id='word_1_155' title='bbox 1002 1740 1113 1778; x_wconf 79' lang='lat' dir='ltr'>reete</span> <span class='ocrx_word' id='word_1_156' title='bbox 1197 1736 1367 1778; x_wconf 80' lang='lat' dir='ltr'>dieitur.</span> <span class='ocrx_word' id='word_1_157' title='bbox 1451 1736 1572 1777; x_wconf 81' lang='lat' dir='ltr'>euius</span> <span class='ocrx_word' id='word_1_158' title='bbox 1655 1736 1785 1776; x_wconf 89' lang='lat' dir='ltr'>etiam</span> 
     </span>
     <span class='ocr_line' id='line_1_27' title="bbox 433 1812 1785 1867; baseline -0.002 -12"><span class='ocrx_word' id='word_1_159' title='bbox 433 1816 582 1855; x_wconf 78' lang='lat' dir='ltr'>auctor</span> <span class='ocrx_word' id='word_1_160' title='bbox 628 1813 671 1854; x_wconf 88' lang='lat' dir='ltr'>C.</span> <span class='ocrx_word' id='word_1_161' title='bbox 716 1813 891 1855; x_wconf 86' lang='lat' dir='ltr'>Laelius</span> <span class='ocrx_word' id='word_1_162' title='bbox 937 1827 1014 1867; x_wconf 88' lang='lat' dir='ltr'>pro</span> <span class='ocrx_word' id='word_1_163' title='bbox 1059 1828 1103 1854; x_wconf 87' lang='lat' dir='ltr'>se</span> <span class='ocrx_word' id='word_1_164' title='bbox 1149 1813 1266 1867; x_wconf 87' lang='lat' dir='ltr'>apud</span> <span class='ocrx_word' id='word_1_165' title='bbox 1310 1813 1550 1866; x_wconf 86' lang='lat' dir='ltr'>populum:</span> <span class='ocrx_word' id='word_1_166' title='bbox 1596 1812 1675 1853; x_wconf 90' lang='lat' dir='ltr'>«Ut</span> <span class='ocrx_word' id='word_1_167' title='bbox 1707 1812 1785 1859; x_wconf 81' lang='lat' dir='ltr'>in†</span> 
     </span>
     <span class='ocr_line' id='line_1_28' title="bbox 434 1889 1780 1944; baseline -0.001 -14"><span class='ocrx_word' id='word_1_168' title='bbox 434 1890 561 1931; x_wconf 81' lang='lat' dir='ltr'>nobis</span> <span class='ocrx_word' id='word_1_169' title='bbox 624 1893 735 1931; x_wconf 83' lang='lat' dir='ltr'>terra</span> <span class='ocrx_word' id='word_1_170' title='bbox 810 1890 1006 1944; x_wconf 82' lang='lat' dir='ltr'>marique</span> <span class='ocrx_word' id='word_1_171' title='bbox 1071 1890 1203 1931; x_wconf 90' lang='lat' dir='ltr'>simul</span> <span class='ocrx_word' id='word_1_172' title='bbox 1267 1889 1487 1931; x_wconf 83' lang='lat' dir='ltr'>obsidium</span> <span class='ocrx_word' id='word_1_173' title='bbox 1550 1889 1780 1929; x_wconf 83' lang='lat' dir='ltr'>faeerent.»</span> 
     </span>
     <span class='ocr_line' id='line_1_29' title="bbox 434 1965 1787 2019; baseline -0.001 -13"><span class='ocrx_word' id='word_1_174' title='bbox 434 1965 489 2007; x_wconf 90' lang='lat' dir='ltr'>Et</span> <span class='ocrx_word' id='word_1_175' title='bbox 556 1966 791 2008; x_wconf 83' lang='lat' dir='ltr'>Sallustius</span> <span class='ocrx_word' id='word_1_176' title='bbox 854 1966 1133 2008; x_wconf 84' lang='lat' dir='ltr'>historiarum</span> <span class='ocrx_word' id='word_1_177' title='bbox 1196 1967 1252 2008; x_wconf 85' lang='lat' dir='ltr'>L:</span> <span class='ocrx_word' id='word_1_178' title='bbox 1323 1966 1517 2019; x_wconf 82' lang='lat' dir='ltr'>«Magnis</span> <span class='ocrx_word' id='word_1_179' title='bbox 1580 1965 1787 2019; x_wconf 86' lang='lat' dir='ltr'>operiltus</span> 
     </span>
     <span class='ocr_line' id='line_1_30' title="bbox 434 2041 1787 2097; baseline -0.001 -14"><span class='ocrx_word' id='word_1_180' title='bbox 434 2044 633 2096; x_wconf 76' lang='lat' dir='ltr'>perfectis</span> <span class='ocrx_word' id='word_1_181' title='bbox 725 2043 940 2085; x_wconf 85' lang='lat' dir='ltr'>obsidium</span> <span class='ocrx_word' id='word_1_182' title='bbox 1045 2044 1173 2096; x_wconf 82' lang='lat' dir='ltr'>eoepit</span> <span class='ocrx_word' id='word_1_183' title='bbox 1263 2057 1340 2097; x_wconf 89' lang='lat' dir='ltr'>per</span> <span class='ocrx_word' id='word_1_184' title='bbox 1431 2042 1479 2083; x_wconf 90' lang='lat' dir='ltr'>L.</span> <span class='ocrx_word' id='word_1_185' title='bbox 1559 2041 1787 2083; x_wconf 88' lang='lat' dir='ltr'>Catilinam</span> 
     </span>
     <span class='ocr_line' id='line_1_31' title="bbox 435 2117 1788 2175; baseline -0.001 -15"><span class='ocrx_word' id='word_1_186' title='bbox 435 2119 661 2175; x_wconf 81' lang='lat' dir='ltr'>legatum.»</span> <span class='ocrx_word' id='word_1_187' title='bbox 767 2117 1018 2175; x_wconf 78' lang='lat' dir='ltr'>HObstitum</span> <span class='ocrx_word' id='word_1_188' title='bbox 1034 2126 1063 2168; x_wconf 53' lang='lat' dir='ltr'>i,</span> <span class='ocrx_word' id='word_1_189' title='bbox 1158 2120 1399 2173; x_wconf 86' lang='lat' dir='ltr'>obilquum.</span> <span class='ocrx_word' id='word_1_190' title='bbox 1492 2117 1664 2160; x_wconf 85' lang='lat' dir='ltr'>Ennius</span> <span class='ocrx_word' id='word_1_191' title='bbox 1754 2119 1788 2159; x_wconf 89' lang='lat' dir='ltr'>L</span> 
     </span>
     <span class='ocr_line' id='line_1_32' title="bbox 435 2195 1788 2244; baseline -0.002 -7"><span class='ocrx_word' id='word_1_192' title='bbox 435 2196 571 2237; x_wconf 81' lang='lat' dir='ltr'>XVL:</span> <span class='ocrx_word' id='word_1_193' title='bbox 625 2195 872 2238; x_wconf 80' lang='lat' dir='ltr'>«Montibus</span> <span class='ocrx_word' id='word_1_194' title='bbox 918 2197 1121 2243; x_wconf 71' lang='lat' dir='ltr'>obstitis†</span> <span class='ocrx_word' id='word_1_195' title='bbox 1171 2195 1458 2244; x_wconf 85' lang='lat' dir='ltr'>obstantibus,</span> <span class='ocrx_word' id='word_1_196' title='bbox 1503 2195 1619 2236; x_wconf 86' lang='lat' dir='ltr'>unde</span> <span class='ocrx_word' id='word_1_197' title='bbox 1654 2195 1788 2235; x_wconf 87' lang='lat' dir='ltr'>oritur</span> 
     </span>
     <span class='ocr_line' id='line_1_33' title="bbox 437 2271 1787 2326; baseline -0.001 -13"><span class='ocrx_word' id='word_1_198' title='bbox 437 2286 560 2313; x_wconf 81' lang='lat' dir='ltr'>nox.»</span> <span class='ocrx_word' id='word_1_199' title='bbox 614 2276 654 2313; x_wconf 84' lang='lat' dir='ltr'>et</span> <span class='ocrx_word' id='word_1_200' title='bbox 701 2273 744 2313; x_wconf 91' lang='lat' dir='ltr'>in</span> <span class='ocrx_word' id='word_1_201' title='bbox 794 2273 840 2314; x_wconf 88' lang='lat' dir='ltr'>L.</span> <span class='ocrx_word' id='word_1_202' title='bbox 890 2272 1027 2313; x_wconf 60' lang='lat' dir='ltr'>VIR:</span> <span class='ocrx_word' id='word_1_203' title='bbox 1081 2273 1302 2326; x_wconf 87' lang='lat' dir='ltr'>«Amplius</span> <span class='ocrx_word' id='word_1_204' title='bbox 1349 2285 1556 2324; x_wconf 75' lang='lat' dir='ltr'>exaugere</span> <span class='ocrx_word' id='word_1_205' title='bbox 1601 2271 1787 2324; x_wconf 87' lang='lat' dir='ltr'>obstipo-</span> 
     </span>
     <span class='ocr_line' id='line_1_34' title="bbox 437 2347 1786 2401; baseline -0.002 -11"><span class='ocrx_word' id='word_1_206' title='bbox 437 2350 612 2390; x_wconf 75' lang='lat' dir='ltr'>lumve†</span> <span class='ocrx_word' id='word_1_207' title='bbox 636 2349 776 2390; x_wconf 84' lang='lat' dir='ltr'>solis.»</span> <span class='ocrx_word' id='word_1_208' title='bbox 822 2348 1020 2390; x_wconf 78' lang='lat' dir='ltr'>Caeeilius</span> <span class='ocrx_word' id='word_1_209' title='bbox 1049 2350 1094 2389; x_wconf 90' lang='lat' dir='ltr'>in</span> <span class='ocrx_word' id='word_1_210' title='bbox 1124 2349 1335 2396; x_wconf 55' lang='lat' dir='ltr'>imbresf&#39;r:</span> <span class='ocrx_word' id='word_1_211' title='bbox 1380 2348 1626 2401; x_wconf 83' lang='lat' dir='ltr'>«Resupina</span> <span class='ocrx_word' id='word_1_212' title='bbox 1659 2347 1786 2388; x_wconf 87' lang='lat' dir='ltr'>obsti-</span> 
     </span>
     <span class='ocr_line' id='line_1_35' title="bbox 438 2423 1786 2479; baseline -0.002 -13"><span class='ocrx_word' id='word_1_213' title='bbox 438 2429 481 2467; x_wconf 91' lang='lat' dir='ltr'>to</span> <span class='ocrx_word' id='word_1_214' title='bbox 496 2432 513 2473; x_wconf 51' lang='grc' dir='ltr'>ἢ·</span> <span class='ocrx_word' id='word_1_215' title='bbox 549 2426 737 2479; x_wconf 77' lang='lat' dir='ltr'>capitulo</span> <span class='ocrx_word' id='word_1_216' title='bbox 768 2425 850 2466; x_wconf 89' lang='lat' dir='ltr'>sibi</span> <span class='ocrx_word' id='word_1_217' title='bbox 874 2428 1052 2466; x_wconf 88' lang='lat' dir='ltr'>ventum</span> <span class='ocrx_word' id='word_1_218' title='bbox 1076 2426 1212 2466; x_wconf 80' lang='lat' dir='ltr'>faeere</span> <span class='ocrx_word' id='word_1_219' title='bbox 1237 2425 1437 2466; x_wconf 81' lang='lat' dir='ltr'>cunicula</span> <span class='ocrx_word' id='word_1_220' title='bbox 1451 2430 1506 2471; x_wconf 37' lang='grc' dir='ltr'>ἢ.»</span> <span class='ocrx_word' id='word_1_221' title='bbox 1535 2423 1786 2464; x_wconf 81' lang='lat' dir='ltr'>Lueretius:</span> 
     </span>
     <span class='ocr_line' id='line_1_36' title="bbox 444 2501 1783 2555; baseline -0.001 -14"><span class='ocrx_word' id='word_1_222' title='bbox 444 2502 626 2543; x_wconf 86' lang='lat' dir='ltr'>«Omnia</span> <span class='ocrx_word' id='word_1_223' title='bbox 664 2501 872 2543; x_wconf 89' lang='lat' dir='ltr'>mendose</span> <span class='ocrx_word' id='word_1_224' title='bbox 920 2502 1024 2550; x_wconf 82' lang='lat' dir='ltr'>fieri,</span> <span class='ocrx_word' id='word_1_225' title='bbox 1059 2504 1188 2555; x_wconf 85' lang='lat' dir='ltr'>atque</span> <span class='ocrx_word' id='word_1_226' title='bbox 1222 2502 1412 2548; x_wconf 60' lang='lat' dir='ltr'>obstitw}</span> <span class='ocrx_word' id='word_1_227' title='bbox 1460 2513 1635 2542; x_wconf 86' lang='lat' dir='ltr'>necesse</span> <span class='ocrx_word' id='word_1_228' title='bbox 1684 2502 1783 2540; x_wconf 84' lang='lat' dir='ltr'>est.»</span> 
     </span>
     <span class='ocr_line' id='line_1_37' title="bbox 439 2575 1789 2634; baseline -0.003 -15"><span class='ocrx_word' id='word_1_229' title='bbox 439 2577 458 2634; x_wconf 85' lang='grc' dir='ltr'>ΙΙ</span> <span class='ocrx_word' id='word_1_230' title='bbox 489 2578 761 2627; x_wconf 84' lang='lat' dir='ltr'>Obsalutare,</span> <span class='ocrx_word' id='word_1_231' title='bbox 845 2578 997 2619; x_wconf 81' lang='lat' dir='ltr'>offerre</span> <span class='ocrx_word' id='word_1_232' title='bbox 1072 2577 1293 2619; x_wconf 83' lang='lat' dir='ltr'>salutandi</span> <span class='ocrx_word' id='word_1_233' title='bbox 1374 2578 1509 2627; x_wconf 72' lang='lat' dir='ltr'>gratia</span> <span class='ocrx_word' id='word_1_234' title='bbox 1591 2575 1789 2616; x_wconf 77' lang='lat' dir='ltr'>dicebant</span> 
     </span>
     <span class='ocr_line' id='line_1_38' title="bbox 440 2655 1337 2708; baseline -0.003 -12"><span class='ocrx_word' id='word_1_235' title='bbox 440 2655 621 2708; x_wconf 74' lang='lat' dir='ltr'>antiqui,</span> <span class='ocrx_word' id='word_1_236' title='bbox 656 2658 701 2696; x_wconf 84' lang='lat' dir='ltr'>ut</span> <span class='ocrx_word' id='word_1_237' title='bbox 733 2656 1023 2704; x_wconf 67' lang='lat' dir='ltr'>consalutare,</span> <span class='ocrx_word' id='word_1_238' title='bbox 1055 2655 1337 2708; x_wconf 80' lang='lat' dir='ltr'>persalutare.</span> 
     </span>
    </p>
   </div>
  </div>
 </body>
</html>
