2072 3222
244 190 381 218 16011271
790 191 913 217 mom
938 191 1164 218 EXCERPTA,
1641 177 1721 215 15⁴.)

243 306 570 348 Mendieum
616 306 696 346 dici
750 306 923 347 Verrius
958 309 1083 359 putat
1129 320 1154 347 a
1200 310 1345 347 mente
1385 308 1489 354 eiuS,
1522 319 1653 358 quam

302 382 505 424 fefellerit
537 383 727 430 fortuna,
763 382 831 423 vel
855 382 969 435 quod
993 384 1193 435 precetur
1216 396 1447 436 quemque,
1488 385 1535 422 ut
1559 381 1653 422 vitae

305 473 408 500 suae
431 459 658 500 medeatur
681 458 789 499 cibo.

243 535 617 587 Municipium
658 535 700 575 id
723 549 858 588 genus
897 535 1123 575 hominum
1159 535 1326 586 (licitur,
1351 538 1424 589 qui
1448 549 1544 576 cum
1568 536 1648 575 Ro-

303 626 420 653 mam
444 612 678 661 venissent,
700 625 842 665 neque
866 611 976 652 cives
1012 611 1201 652 Romani
1235 615 1390 661 essent,
1422 612 1651 666 participes
1687 622 1702 644 5

302 692 450 730 tamen
485 689 660 730 fuerunt
694 690 893 729 omnium
927 702 1072 729 rerum
1098 688 1151 728 ad
1188 702 1352 729 munus
1382 689 1652 742 fungendum

302 780 389 807 una
423 780 520 806 cum
555 765 763 806 Romanis
799 764 976 813 civibus,
1028 767 1318 818 praeterquam
1363 765 1413 806 de
1450 765 1653 819 suffragio

301 841 493 891 ferendo,
517 844 592 883 aut
615 842 869 894 magistratu
894 841 1102 894 capiendo
1118 857 1128 890 ,·
1173 841 1283 882 sicut
1325 841 1503 882 fuerunt
1536 842 1652 882 Fun-

303 919 418 964 dani,
435 918 672 967 Formiani,
689 917 886 965 Cumani,
903 918 1122 965 Acerrani,
1144 917 1375 965 Lanuvini,
1402 918 1653 967 Tusculani,

302 996 376 1049 qui
397 997 495 1048 post
519 994 688 1048 aliquot
711 1008 848 1035 annos
873 994 983 1035 cives
1014 995 1202 1035 Romani
1233 994 1369 1034 effecti
1406 997 1519 1035 sunt.
1556 995 1652 1035 Alio
1692 998 1724 1022 1⁰

300 1072 445 1120 modo,
472 1085 570 1112 cum
594 1071 637 1111 id
659 1085 795 1123 genus
817 1070 1048 1111 hominum
1073 1070 1288 1121 definitur,
1305 1085 1487 1125 quorum
1506 1072 1653 1113 civitas

302 1149 561 1189 universam
590 1148 804 1188 civitatem
820 1150 1067 1188 Romanam
1091 1147 1222 1197 venit,
1258 1148 1319 1188 uti
1348 1148 1523 1196 Aricini,
1565 1148 1650 1189 0111-

299 1227 413 1274 rites,
439 1225 670 1277 Anagnini.
706 1225 861 1273 Tertio,
887 1238 984 1264 cum
1020 1224 1063 1264 id
1085 1237 1222 1275 genus
1246 1224 1477 1264 hominum
1503 1224 1651 1265 defini-

302 1305 384 1351 tur,
406 1302 480 1356 qui
499 1301 553 1342 ad
571 1301 788 1343 civitatem
813 1303 1059 1341 Romanam
1083 1301 1144 1341 ita
1167 1304 1392 1351 venerunt,
1416 1302 1479 1342 uti
1509 1303 1651 1342 muni-

303 1380 455 1435 0111111]ι
490 1382 634 1421 essent
668 1385 788 1425 sua†
827 1379 1034 1432 cuiusque
1071 1379 1254 1420 civitatis
1300 1382 1342 1420 et
1378 1379 1574 1427 coloniae,
1608 1382 1655 1421 ut
1692 1386 1723 1410 ¹⁵

302 1457 514 1506 Tiburtes,
539 1456 808 1505 Praenestini,
848 1457 1008 1506 Pisani,
1044 1456 1290 1505 Urbinates,
1315 1457 1483 1506 Nolani,
1508 1457 1653 1497 Bono-

302 1535 490 1584 nienses,
514 1533 769 1581 Placentini,
795 1533 1014 1586 Nepesini,
1038 1532 1215 1580 Sutrini,
1241 1534 1472 1574 Lucenses.
1492 1536 1514 1555 ⁴*

243 1611 428 1651 Mater
442 1610 671 1657 Matuta,
688 1609 843 1659 manis,
860 1623 1005 1659 mane,
1021 1610 1364 1658 matrimonium,
1381 1612 1519 1651 mater
1532 1610 1652 1650 fami-

302 1688 383 1736 liae,
408 1689 654 1735 matertera,
703 1687 919 1736 matrices,
957 1686 1150 1727 materiae
1189 1685 1308 1727 (lictae
1360 1686 1571 1736 videntur,
1609 1690 1655 1728 ut

303 1764 361 1805 ait
374 1763 564 1812 Verrius,
580 1763 682 1817 quia
704 1763 791 1803 sint
814 1764 942 1813 bona,
960 1763 1107 1816 qualia
1125 1763 1286 1804 scilicet
1303 1763 1401 1812 sint,
1439 1776 1533 1816 quze
1557 1767 1658 1805 sunt
1691 1764 1727 1788 2⁰

302 1844 488 1890 matura,
522 1841 588 1881 vel
611 1840 758 1893 potius
794 1853 818 1880 a
841 1841 992 1887 matre,
1031 1853 1124 1893 qua>
1162 1842 1225 1880 est
1264 1839 1441 1892 originis
1483 1838 1654 1882 Graecae.

243 1916 417 1957 Modo
454 1917 658 1970 quodam,
692 1916 736 1956 id
760 1919 822 1957 est
844 1918 1026 1965 ratione,
1066 1916 1268 1957 dicuntur
1291 1916 1440 1956 omnia
1464 1916 1569 1958 ista:
1595 1917 1654 1958 a*

303 1994 432 2034 modo
456 1993 503 2034 fit
526 1992 831 2042 commoditas,
869 1993 1138 2041 commodus,
1185 1993 1443 2042 commodat,
1489 2006 1654 2033 accom-

303 2070 465 2119 modat,
489 2069 669 2120 modice,
694 2069 921 2119 modestia,
946 2070 1200 2120 moderatio,
1225 2069 1501 2111 modificatio.

245 2151 437 2193 Nenia
472 2155 535 2193 est
558 2166 744 2202 carmen,
781 2152 895 2205 quod
917 2153 960 2192 in
985 2153 1133 2192 sunere
1157 2151 1366 2192 laudandi
1389 2151 1526 2204 gratia
1556 2166 1649 2192 can·
1688 2169 1721 2193 21

304 2238 421 2277 tatur·
440 2235 493 2275 ad
524 2235 688 2276 tibiam.
714 2234 839 2284 Sunt,
855 2235 928 2287 qui
951 2248 1000 2275 eo
1024 2235 1153 2275 verbo
1177 2234 1309 2274 finem
1325 2234 1557 2286 significari
1575 2247 1653 2286 pu-

303 2314 410 2352 tant.
436 2311 620 2362 Quidam
647 2312 797 2352 volunt
810 2312 985 2351 neniam
1004 2310 1098 2352 ideo
1118 2311 1212 2350 (lici⁴
1236 2310 1349 2363 quod
1367 2312 1458 2351 voci
1474 2311 1656 2351 similior

306 2388 577 2442 querimonia
598 2386 795 2427 flentium
820 2388 883 2427 sit.
910 2387 1095 2436 Quidam
1126 2387 1248 2426 aiunt
1281 2386 1421 2427 nenia¹
1474 2387 1652 2427 (luctum

305 2478 466 2506 nomen
490 2464 543 2504 ab
568 2463 745 2504 extremi
767 2463 959 2504 intestini
983 2463 1193 2503 vocabulo
1213 2478 1219 2504 :
1257 2461 1395 2502 Graoi
1414 2464 1528 2503 enim
1564 2467 1653 2503 νέα-

306 2558 368 2582 τον
393 2544 631 2582 extremum
658 2540 829 2584 dicunt:
854 2541 938 2580 sive
964 2539 1080 2593 quod
1115 2539 1339 2579 cordarum
1371 2539 1526 2579 ultima
1560 2543 1656 2594 νήτη
1690 2556 1725 2579 :so

306 2619 474 2667 dicitur,
490 2622 726 2658 extremam
753 2618 965 2658 cantionis
984 2631 1131 2658 vocem
1156 2617 1330 2657 neniam
1357 2617 1650 2670 appellarunt.

247 2694 442 2736 Neniae
493 2695 581 2736 deae
630 2695 837 2736 sacellum
882 2698 1000 2735 extra
1045 2697 1213 2746 portam
1252 2693 1515 2733 Vimiiialem
1561 2693 1651 2733 fue-

306 2774 372 2811 rat
395 2770 652 2812 dedicatum.
