2072 3222
279 125 365 166 424
417 138 473 168 QU.
490 137 564 162 ΧΠ.
580 136 605 161 3.
679 138 801 165 FESTI
816 138 976 167 FRAGM.
991 138 1018 166 E
1032 138 1124 166 col).
1140 138 1268 166 FARN.
1283 139 1323 166 L.
1338 138 1458 166 xvm.
1597 138 1628 163 P.
1649 136 1701 162 298
1722 138 1761 163 M.

1334 267 1385 295 su
1409 256 1471 296 est
1492 253 1620 295 Plau-

1231 364 1240 372 .
1297 344 1388 372 non
1412 333 1476 371 est
1497 330 1615 371 tibi.»

1080 437 1089 446 .
1150 420 1238 456 um,
1263 406 1393 448 item:
1417 420 1521 447 nam
1549 406 1623 459 qui

1327 496 1402 525 cus
1425 483 1622 531 surculis,

329 579 345 600 ε
493 591 796 602 .....
861 592 870 601 .
934 593 943 602 .
1008 593 1017 602 .
1083 593 1166 601 ..
1264 559 1622 612 ram.tumpoli-

1382 638 1457 678 aut
1487 636 1623 677 asulae

1313 717 1429 758 rus†
1475 725 1625 752 surum

1340 803 1383 829 re
1406 792 1619 842 possent.»

494 863 726 921 „Suremz't
788 899 797 908 .
862 899 871 907 .
936 898 945 907 .
1010 900 1018 908 .
1084 899 1092 907 .
1158 898 1167 906 .
1231 897 1240 906 .
1309 878 1533 906 smanum
1556 878 1624 905 su-

313 956 348 981 u·
496 973 505 983 .
569 975 577 983 .
640 976 649 984 .
715 976 723 984 .
788 974 796 982 .
862 974 871 983 .
936 975 944 983 .
1010 976 1019 984 .
1079 974 1088 983 .
1154 975 1162 983 .
1227 974 1236 983 .
1301 941 1620 995 ,surempsit.»

717 1052 726 1061 .
792 1052 801 1060 .
867 1053 874 1059 .
941 1053 949 1060 .
1191 1031 1277 1072 pue
1311 1050 1320 1059 .
1358 1051 1366 1059 .
1399 1050 1408 1061 .
1442 1017 1625 1059 sustule-

647 1127 655 1136 .
719 1091 966 1151 H«Syriwn
1020 1127 1029 1135 .
1094 1128 1102 1136 .
1167 1127 1176 1135 .
1241 1125 1251 1135 .
1319 1096 1478 1136 ,iunn
1500 1088 1625 1135 dixit:

1242 1204 1251 1212 .
1285 1174 1362 1220 est,
1390 1169 1507 1224 quod
1531 1184 1630 1211 eum

1316 1247 1381 1288 cio
1415 1246 1630 1288 nobilissi-

316 1344 348 1368 13
504 1323 1631 1377 ...........atqueobeam

1245 1399 1420 1441 issimus
1462 1412 1633 1453 semper

1322 1476 1511 1517 instituit
1534 1489 1633 1517 cum

1242 1586 1250 1594 .
1306 1555 1419 1594 imus
1443 1566 1631 1593 sumere-

1329 1631 1424 1682 ipso
1449 1628 1632 1682 dignior.

318 1733 352 1757 20
507 1742 514 1750 .
581 1743 588 1751 .
654 1740 663 1749 .
728 1741 736 1749 .
802 1741 810 1749 .
877 1743 884 1749 .
951 1742 958 1749 .
1024 1742 1032 1750 .
1107 1710 1268 1761 σπόριον
1301 1703 1535 1748 καὶούκὲτι
1569 1708 1633 1746 35-

1262 1786 1292 1825 t.
1317 1782 1431 1837 quod
1454 1782 1489 1823 si
1512 1795 1633 1822 mon-

1248 1893 1257 1901 .
1287 1862 1373 1901 tem
1397 1872 1488 1899 non
1511 1871 1635 1898 num-

1247 1970 1255 1978 .
1313 1935 1536 1977 Socratem
1554 1947 1634 1987 que

1244 2046 1253 2055 .
1301 2016 1381 2054 rat.
1404 2013 1450 2052 in
1472 2011 1635 2052 librum

322 2109 355 2133 25
508 2126 516 2132 .
582 2125 591 2134 .
656 2124 664 2133 .
729 2125 738 2133 .
802 2125 810 2133 .
875 2125 884 2133 .
949 2124 958 2132 .
1024 2123 1032 2131 .
1098 2122 1107 2131 .
1173 2123 1182 2132 .
1234 2089 1514 2142 inscripserat
1535 2086 1634 2140 Scy·

1243 2165 1380 2220 gratia
1419 2164 1463 2205 id
1487 2164 1634 2217 appel·

1022 2242 1040 2298 ΙΙ
1099 2240 1341 2285 Summussi
1383 2241 1637 2282 dicebantur

1101 2318 1300 2360 Naevius:
1351 2317 1448 2359 «odi
1484 2315 1635 2370 inquit,

1174 2427 1182 2436 .
1237 2394 1335 2435 inde
1358 2396 1506 2447 aperte
1530 2392 1637 2441 dice,

1029 2472 1196 2513 times.»
1243 2470 1414 2512 Ennius
1452 2469 1497 2509 in
1519 2471 1635 2510 sexto

1025 2582 1034 2590 .
1082 2550 1188 2588 ntus
1206 2547 1251 2588 in
1276 2547 1443 2588 occulto
1468 2558 1635 2586 mussa·

1025 2657 1033 2664 .
1074 2638 1093 2665 s
1117 2624 1163 2665 in
1191 2622 1521 2664 Andromacha:
1548 2620 1635 2661 «di-

1028 2715 1056 2741 n
1093 2703 1178 2741 est:
1214 2712 1318 2741 nam
1353 2711 1549 2739 mussare
1582 2697 1636 2737 si-

1104 2789 1123 2816 s
1158 2777 1203 2817 in
1238 2775 1633 2827 Agn01·izomene†:
