2072 3222
331 138 414 177 322
477 150 535 179 QU.
557 149 623 176 ΧΠ.
644 147 684 173 15.
748 149 870 177 FESTI
883 148 1041 176 FRAGM.
1056 148 1082 175 Ε
1102 148 1194 176 con.
1210 148 1334 176 ΜΒΝ.
1349 149 1387 176 L.
1403 148 1486 176 xv1.
1648 147 1679 171 Ρ.
1702 145 1754 170 24ss
1774 147 1812 171 m.

331 973 365 997 10

330 1352 364 1377 15

332 1741 367 1766 20

335 2506 370 2529 30

402 265 514 306 Trib.
558 265 672 319 pleb.
717 265 912 318 rogarint
942 263 1009 305 his
1041 264 1205 305 verbis:
1247 265 1334 305 «Ex
1366 263 1635 317 ponderibus
1668 263 1812 316 publi-

402 344 475 391 cis,
507 341 663 395 quibus
685 341 766 382 hac
789 343 1048 394 tempestate
1070 341 1259 394 populus
1282 342 1417 381 oetier
1438 342 1511 394 qui
1548 346 1566 387 †
1602 339 1727 388 solet,
1751 340 1815 380 uti

401 420 683 470 coaequatur†
721 416 937 466 sedulum,
970 418 1018 457 ut
1064 416 1146 463 hi†
1184 417 1435 470 quadrant†
1469 417 1601 457 alvini
1643 422 1661 463 Τ
1698 419 1811 457 octo-

400 496 521 548 ginta
593 493 741 548 pondo
815 494 918 536 siet:
996 494 1176 547 congius
1251 493 1338 534 vini
1408 493 1601 546 decemp.
1665 494 1700 533 is
1767 498 1812 539 †:

401 586 472 612 sex
535 571 693 613 sextari
755 573 936 624 congius
1000 570 1078 612 siet
1140 571 1250 611 Vini:
1317 570 1403 611 duo
1461 576 1478 617 Τ
1530 569 1813 623 quinquagin-

398 651 443 689 ta
544 648 701 689 sextari
783 647 1111 701 quadarantat†
1195 647 1274 687 siet
1376 646 1478 687 vini.
1601 645 1814 687 sextarius

400 738 547 778 zequus
588 738 711 778 aequo
746 738 845 764 cum
876 724 1050 765 librario
1083 723 1183 764 siet:
1230 737 1302 764 sex
1340 723 1390 764 de
1420 723 1611 776 quinque
1646 722 1764 763 librae
1793 727 1811 768 †

401 802 446 842 in
498 801 645 842 modio
688 802 815 842 sient.
869 801 904 840 si
956 802 1049 853 quis
1101 801 1378 853 magistratus
1427 799 1630 840 adversus
1662 798 1742 839 hac
1775 798 1815 838 d.

401 894 458 919 m.
522 877 744 932 pondera,
808 877 1075 931 modiosque.
1140 891 1328 930 vasaque
1391 876 1567 930 publica
1630 875 1814 924 modica,

403 956 587 1005 minora,
652 955 871 996 maiorave
945 954 1078 1004 faxit,
1140 954 1264 995 iussit
1326 966 1424 995 Vere
1492 959 1509 1000 †
1575 953 1681 1002 fieri,
1745 952 1816 993 do-

402 1032 550 1072 lumve
573 1031 840 1085 adduitque†
875 1045 924 1072 ea
956 1031 1074 1080 fiant,
1111 1045 1209 1071 eum
1248 1029 1342 1083 quis
1389 1031 1502 1071 volet
1534 1031 1817 1082 magistratus

402 1109 661 1150 multaretur
718 1114 751 1158 ΛΓ,
807 1107 911 1148 dum
965 1107 1132 1149 minore
1185 1107 1320 1160 patris
1372 1112 1389 1153 †
1446 1106 1634 1147 familias
1686 1107 1816 1152 taxat,

402 1186 555 1233 licet03
611 1186 697 1226 sive
752 1186 848 1239 quis
900 1186 946 1224 in
1005 1191 1022 1231 †
1080 1198 1249 1225 sacrum
1295 1183 1487 1224 iudicare
1537 1183 1734 1233 voluerit,
1770 1182 1817 1222 li-

403 1266 537 1304 ceto».
563 1260 581 1318 ΙΙ
604 1262 809 1311 Pecuum,
834 1275 932 1302 cum
955 1261 1061 1302 dixit
1083 1261 1142 1301 M.
1159 1260 1264 1302 Cato
1282 1273 1359 1314 per
1382 1273 1529 1301 casum
1552 1259 1815 1312 genetivum,

401 1353 426 1381 a
516 1340 727 1392 singulari
817 1352 941 1380 casus
1033 1340 1138 1380 recti
1229 1337 1456 1386 formavit,
1549 1350 1633 1389 quo
1726 1338 1816 1376 ute-

402 1417 560 1458 bantur
604 1416 786 1469 antiqui,
832 1415 875 1456 id
921 1418 983 1456 est
1028 1429 1150 1468 pecu,
1195 1428 1242 1455 ac
1287 1416 1413 1461 testu,
1463 1411 1640 1461 tonitru,
1686 1425 1816 1463 genu,

401 1507 566 1542 verum,
631 1506 816 1546 quorum
884 1492 1081 1532 omnium
1158 1491 1383 1544 genetivus
1446 1489 1672 1542 pluraliter
1747 1502 1815 1541 ge-

402 1571 540 1611 minat
554 1585 595 1611 u.
619 1570 805 1610 litteram
822 1585 830 1609 :
854 1582 971 1609 nunc
986 1569 1087 1622 quia
1101 1567 1285 1608 dicimus
1306 1572 1340 1616 ἦν,
1356 1569 1404 1607 ut
1416 1569 1578 1619 pectus,
1595 1578 1692 1606 eam
1723 1578 1817 1617 quae

402 1648 446 1688 in
471 1660 553 1687 usu
588 1650 664 1696 est,
697 1646 885 1687 formam
920 1645 964 1686 in
998 1645 1364 1686 declinationibus
1397 1643 1634 1696 sequimur.
1667 1639 1686 1696 ΙΙ
1709 1641 1818 1681 Prae-

402 1725 517 1765 teriti
570 1723 800 1764 Senatores
853 1722 1075 1775 quondam
1138 1722 1183 1762 in
1237 1720 1473 1774 opprobrio
1527 1732 1618 1759 non
1682 1719 1818 1766 erant,

404 1801 532 1854 quod,
618 1802 664 1840 ut
744 1812 866 1852 reges
948 1798 1031 1839 sibi
1113 1798 1337 1850 legebant,
1433 1795 1817 1847 sublegebantque,

405 1890 512 1930 quos
574 1877 619 1916 in
684 1876 865 1917 consilio
941 1875 1115 1928 publico
1178 1874 1404 1921 haberent,
1467 1874 1528 1912 ita
1588 1874 1687 1925 post
1749 1885 1816 1911 ex-

404 1956 523 1994 actos
557 1966 629 1994 eos
662 1952 876 1994 Consules
918 1965 1091 2005 quoque
1156 1957 1197 1992 et
1258 1951 1475 1991 Tribunos
1543 1955 1560 1982 4
1627 1949 1817 1989 militum

405 2030 625 2071 consulari
804 2031 1017 2082 potestate
1182 2027 1564 2068 coniunctissimos
1734 2024 1819 2065 sibi

356 2132 368 2153 ε,
405 2121 575 2160 quoque
643 2113 660 2152 7j*
726 2106 1019 2159 patriciorum,
1075 2107 1117 2145 et
1170 2104 1323 2145 deinde
1374 2103 1644 2156 plebeiorum
1706 2102 1817 2153 lege-

404 2183 532 2228 bant:
619 2182 795 2223 ‘donec
930 2181 1083 2222 Ovinia
1204 2179 1451 2220 Tribunicia
1572 2178 1819 2225 intervenit,

406 2274 490 2313 qua
535 2262 730 2301 sanctum
780 2262 854 2303 est,
902 2261 948 2298 ut
995 2257 1205 2299 Censores
1253 2271 1301 2297 ex
1349 2255 1467 2297 omni
1513 2253 1660 2296 ordine
1709 2253 1817 2306 opti-

406 2350 527 2376 mum
577 2350 790 2389 quemque
841 2335 991 2376 curiati
1043 2340 1060 2378 i
1112 2334 1157 2374 in
1203 2335 1360 2374 senatu
1409 2338 1427 2378 †
1463 2332 1670 2384 legerent.
1734 2342 1819 2382 quo

405 2413 569 2453 factum
613 2415 689 2461 est,
734 2415 781 2452 ut
823 2412 895 2465 qui
937 2410 1158 2464 praeteriti
1202 2411 1345 2450 essent
1377 2411 1418 2449 et
1449 2409 1544 2449 loco
1590 2406 1708 2453 moti,
1742 2405 1816 2445 ha-

406 2491 612 2530 berentur
665 2488 960 2541 ignominiosi.
1103 2484 1120 2541 ΙΙ
1161 2485 1264 2526 «Pro
1318 2498 1452 2525 censu
1504 2484 1654 2524 classis
1706 2481 1817 2521 iuni-

409 2580 557 2606 orum»
607 2565 696 2606 Ser.
747 2564 913 2604 Tullius
961 2577 1061 2604 cum
1138 2562 1243 2602 dixit-
1289 2576 1333 2601 1n
1387 2560 1667 2613 discriptione
1721 2571 1817 2597 cen-

408 2642 633 2690 turiarum,
715 2640 853 2693 accipi
929 2640 1053 2680 debet
1128 2639 1173 2678 in
1247 2650 1394 2685 censu,
1470 2638 1519 2676 ut
1610 2634 1670 2675 ait
1762 2631 1818 2673 M.

408 2718 542 2759 Varro
586 2716 632 2757 in
677 2717 724 2757 L.
770 2716 841 2758 VI.
894 2729 1038 2756 rerum
1090 2714 1400 2755 humanarum.
1448 2711 1575 2752 sicuti
1621 2723 1698 2764 pro
1751 2722 1817 2750 ae-

408 2791 456 2835 de
551 2791 771 2843 Castoris,
863 2805 940 2845 pro
1032 2790 1267 2837 tribunali,
1371 2801 1449 2841 pro
1553 2786 1819 2828 testimonio.
