2072 3222
311 148 394 188 5132
457 160 514 189 QU.
530 160 591 184 XV.
613 159 657 184 18.
702 161 823 188 FESTI
841 161 997 190 FRAGM.
1013 163 1039 189 E
1054 161 1146 189 COD.
1162 162 1285 190 FARN.
1301 162 1339 190 L.
1355 162 1492 190 XVIIII.
1642 161 1673 186 P.
1687 159 1740 185 343
1754 161 1792 186 M.

382 277 433 317 de
457 280 498 317 et
520 275 785 330 respondere
809 276 895 317 adh

381 354 581 406 usurpari
604 355 795 406 coeptum
819 356 882 394 est

380 443 435 470 ne
459 429 652 470 alterius.
718 427 736 484 ΙΙ
756 429 911 471 Subdit
973 464 981 471 .

379 506 458 555 tui,
480 505 526 546 in
550 505 790 547 demortuis
810 511 827 551 †
852 506 896 546 iu

330 602 344 624 5
380 583 509 623 datur
531 582 612 633 his,
635 589 652 620 4
680 584 753 637 qui
776 597 876 624 eum
899 583 985 624 hab
1049 618 1057 624 .

379 661 451 699 xat
471 659 517 699 in
541 659 724 700 eandem
747 673 853 711 rem,
899 693 908 701 .
974 693 983 702 .
1048 694 1056 701 .
1122 694 1130 701 .
1197 693 1205 701 .
1270 695 1278 702 .
1344 693 1352 701 .
1417 693 1426 701 .
1491 692 1500 701 .
1573 658 1593 715 ΙΙ
1608 657 1796 703 Saturno

379 735 637 776 sacrificium
659 736 707 776 fit
736 735 836 790 capi
898 771 906 778 .

380 812 582 853 Metellus
630 816 740 865 pont
767 819 804 856 7².

380 892 443 930 set
466 889 647 939 adesset,
669 892 718 930 ut
742 903 842 930 eum
903 922 912 930 .

310 986 345 1010 10
378 966 463 1018 piei
499 964 588 1007 Ser.
623 966 671 1007 F.
709 967 845 1019 inaug
905 999 913 1007 .

379 1046 445 1084 ret
467 1056 524 1092 se,
548 1056 671 1084 saera
694 1042 777 1083 sibi
798 1042 886 1084 fan]

381 1118 636 1173 plicandum
660 1122 772 1160 esset
795 1121 934 1173 eapite
976 1153 984 1161 .

381 1200 491 1238 esset
512 1196 724 1245 futurum,
748 1200 794 1237 ut
817 1210 917 1237 cum
940 1211 994 1250 ap
1049 1231 1056 1238 .

381 1273 580 1314 facienda
602 1276 737 1316 esset:
762 1273 878 1314 Pont
901 1306 910 1315 .

311 1364 344 1387 15
382 1350 589 1392 Claudius
611 1352 863 1404 provocavit
902 1384 910 1391 .

381 1427 484 1468 tifici
509 1430 621 1468 esset
643 1427 863 1477 Claudius,
887 1427 931 1469 fa
978 1461 985 1469 .
1641 1461 1649 1468 .
1714 1460 1722 1467 .

383 1504 572 1545 Saturno
596 1518 717 1545 sacra
739 1504 839 1547 fecit
859 1502 924 1546 rel
978 1538 986 1546 .
1051 1537 1060 1546 .
1126 1539 1133 1545 .
1199 1536 1208 1546 .
1275 1539 1280 1544 .
1347 1537 1355 1545 .
1421 1537 1429 1545 .
1495 1536 1504 1544 .
1569 1537 1577 1545 .
1641 1536 1650 1544 .
1683 1500 1701 1557 ΙΙ
1717 1500 1798 1546 Sa-

381 1596 484 1622 xum
510 1581 745 1635 Tarpeium
768 1582 898 1635 appel

382 1659 451 1706 tis,
475 1658 550 1712 qui
574 1659 627 1699 ob
650 1658 870 1712 sepultam
893 1659 954 1699 Ta

313 1752 348 1775 20
383 1749 483 1776 eum
507 1739 705 1776 montem
729 1734 904 1776 Sabinis
927 1749 1004 1789 pro
1052 1768 1060 1776 .

383 1814 637 1853 nominatus
661 1815 738 1853 est.
761 1813 828 1854 vel

383 1890 430 1930 L.
465 1889 674 1943 Tarpeius
698 1890 887 1931 Romulo

383 1970 449 2007 tas
471 1966 658 2019 virgines
681 1965 865 2008 adversa
904 1999 913 2007 .

383 2056 487 2083 xum
506 2046 581 2090 est,
608 2043 659 2083 de
694 2043 797 2084 noxi
824 2048 841 2086 ἢ
875 2056 1004 2096 poene
1026 2049 1044 2090 †

311 2139 345 2163 2⁷,
382 2119 620 2160 noluerunt
642 2119 869 2160 funestum
893 2119 1040 2160 locum

382 2196 570 2249 Capitoli
593 2195 811 2249 coniungi.
875 2194 894 2250 ΙΙ
909 2193 1105 2251 S-captia

383 2275 501 2313 mine
525 2272 644 2313 urbis
668 2272 852 2325 Scaptiae
902 2305 910 2313 .

383 2349 650 2390 incolebant.
716 2347 734 2404 ΙΙ
755 2348 925 2390 Stellati
975 2381 983 2390 .

385 2438 448 2474 eo,
473 2426 544 2478 qui
569 2425 614 2465 in
638 2425 879 2478 Campania
902 2427 979 2476 est,
1003 2425 1077 2466 sed
1099 2438 1164 2475 eo,
1189 2426 1262 2478 qui

312 2515 348 2539 30
380 2515 511 2555 pena,
535 2515 584 2542 ex
608 2515 692 2554 quo
717 2501 844 2541 Tusci
865 2502 1060 2555 profecti,
1085 2507 1121 2543 st

384 2591 587 2631 eampum
612 2578 957 2631 appellaverunt.
1021 2575 1039 2633 ΙΙ
1059 2577 1270 2620 Sabatina

384 2657 437 2695 te.
501 2652 518 2709 ΙΙ
535 2654 686 2696 Sabini
708 2653 823 2703 dicti,
846 2655 894 2694 ut
916 2655 976 2694 ait
999 2653 1134 2696 Varro
1198 2687 1206 2695 .

385 2731 499 2784 quod
524 2744 574 2772 ea
596 2744 703 2783 gens
739 2732 798 2784 ᾗ)
827 2730 1112 2784 'spraeeipuffl
1148 2730 1261 2772 colat
1282 2730 1333 2771 de

386 2808 596 2860 σέβετθαι.
661 2805 680 2861 ΙΙ
697 2806 932 2859 Sanqualis
954 2809 1081 2861 porta
1123 2839 1131 2848 .
