2072 3222
319 101 342 137 ἶ)

255 1296 342 1344 {15

349 101 403 140 7‹›
445 112 501 141 Qu.
525 111 600 135 ΧΠ.
622 109 667 136 29.
732 112 854 140 FEsrr
876 112 1035 140 FRAGM.
1058 113 1112 140 Ex
1136 112 1283 140 APOGR.
1308 112 1346 142 L.
1368 113 1434 140 xx.
1631 113 1662 136 P.
1683 110 1736 136 375
1755 112 1797 137 M.

388 228 609 269 machaerae
712 227 865 277 obicio,
970 228 1203 281 mastigia?
1315 228 1485 281 Vapula
1566 241 1663 281 ergo
1755 229 1795 268 te

387 304 666 345 vehementer
687 304 827 355 iubeo,
850 318 907 345 ne
930 318 999 345 me
1021 304 1230 346 territes.»

386 378 652 436 ssVacerram
716 414 725 422 .
766 413 775 422 .
812 414 820 422 .
858 415 867 422 .
917 384 958 422 et
1020 381 1095 422 alii
1158 381 1406 435 complures
1466 381 1612 423 vocari
1673 382 1797 422 aiunt

386 456 577 510 stipitem
632 489 864 498 ......
888 470 1022 510 equos
1075 458 1245 498 soleant
1291 457 1492 511 religare.
1525 457 1674 497 Ateius
1696 470 1796 498 vero

346 554 350 565 ι
387 532 557 573 Philolo
643 565 651 573 .
716 567 724 574 .
830 547 903 574 um
977 533 1030 575 ad
1112 533 1227 575 male
1310 532 1544 574 (licendum
1628 546 1796 585 magnes

384 609 605 650 acerbitati
643 642 686 651 ..
723 643 730 650 .
766 642 775 650 .
802 642 845 650 ..
898 623 1049 651 vecors
1123 613 1162 651 et
1215 623 1405 650 vesanus
1475 612 1583 651 teste
1655 608 1794 658 Livio,

385 686 456 738 qui
482 685 605 727 dicit:
636 702 650 723 «
661 718 788 727 .....
814 686 940 727 corde
965 688 1006 727 et
1026 686 1227 727 malefica
1249 685 1448 727 vecordia
1462 692 1518 733 †.»
1547 683 1795 741 ”Vagorem

383 775 459 814 pro
484 763 644 815 vagitu,
686 761 858 802 Ennius
896 763 923 802 l.
962 761 1102 804 XVL:
1152 761 1258 812 «Qui
1297 762 1459 802 clamos
1504 760 1796 814 oppugnantis

383 851 538 889 vagore
571 837 774 879 volanti.»
812 838 1042 879 Lucretius
1075 838 1104 880 l.
1140 838 1218 879 IL:
1261 837 1340 878 «Et
1363 839 1625 891 superantur
1661 837 1790 877 item:

293 933 347 955 ·1‹›
382 914 588 955 miscetur
668 914 820 955 funere
902 928 1070 968 vagor.»
1158 912 1367 970 ssValvoli
1428 914 1537 955 faba*
1612 911 1796 954 folliculi

382 991 588 1045 appellati
680 994 796 1040 sunt,
870 994 993 1045 quasi
1057 991 1265 1041 vallivoli,
1330 991 1432 1044 quia
1492 990 1608 1031 vallo
1672 991 1797 1032 factis

382 1067 670 1110 excutiantur.
734 1066 752 1123 ΙΙ
784 1068 1017 1121 Vagulatio
1081 1068 1128 1108 in
1181 1069 1208 1108 1.
1252 1067 1347 1109 XII.
1403 1067 1618 1120 significat
1682 1080 1794 1120 quae-

381 1144 462 1184 stio
526 1158 623 1185 cum
702 1146 909 1186 convicio.
1000 1143 1102 1185 «Cui
1174 1144 1475 1185 testimonium
1539 1143 1750 1196 defugerit
1764 1149 1795 1193 ῆι,

380 1221 413 1260 is
488 1220 613 1261 certis
696 1220 848 1262 (liebus
932 1222 985 1262 ob
1048 1223 1220 1274 portum
1304 1220 1615 1273 obvagulatum
1689 1221 1787 1261 ito.»

379 1294 398 1351 ΙΙ
412 1297 572 1350 Valgos
676 1297 842 1351 Opilius
944 1298 1146 1339 Aurelius
1286 1297 1446 1351 aliique
1548 1297 1794 1350 complures

379 1374 502 1414 aiunt
564 1374 658 1421 (lici,
722 1374 794 1427 qui
877 1374 1067 1415 diversas
1158 1387 1280 1415 suras
1341 1373 1549 1414 habeant.
1613 1373 1793 1414 Plautus

380 1450 424 1490 in
487 1450 626 1491 Milite
689 1450 900 1502 glorioso:
967 1450 1048 1500 Qui
1110 1451 1221 1492 talos
1274 1450 1488 1497 vitiosos†
1557 1450 1790 1490 «maiorem

379 1529 549 1579 partem
572 1525 719 1567 videas
743 1527 879 1581 valgis
903 1529 1015 1568 savis
1036 1532 1096 1574 ψ.»
1128 1528 1245 1567 etin
1283 1525 1573 1579 Sitellitergo:
1615 1525 1717 1574 «fit†
1741 1539 1791 1567 ea

379 1602 487 1643 mihi
573 1603 802 1656 insignitos
885 1617 1043 1656 pueros
1124 1604 1268 1657 pariat
1342 1605 1508 1656 postea,
1581 1605 1657 1643 aut
1718 1616 1787 1643 va-

308 1697 345 1720 20
379 1693 475 1719 rum
554 1681 628 1720 aut
709 1679 885 1732 valgum
963 1683 1038 1721 aut
1115 1693 1397 1733 compernem
1475 1681 1550 1719 aut
1625 1680 1789 1732 paetum

378 1757 453 1796 aut
514 1756 764 1803 bocchum†
820 1756 999 1797 filium.»
1089 1753 1251 1811 HViere
1315 1756 1495 1808 alligare
1560 1754 1789 1809 significat,

379 1834 426 1872 ut
487 1832 556 1872 hic
635 1846 783 1873 versus
847 1832 1141 1874 demonstrat:
1223 1832 1390 1873 «lba..
1454 1831 1609 1873 malaci
1676 1831 1790 1871 viere

379 1910 599 1950 veneriam
695 1909 943 1950 corollam.»
1049 1908 1164 1949 unde
1268 1908 1446 1957 vimina,
1550 1909 1592 1948 et
1691 1921 1793 1948 vasa

378 1986 581 2035 viminea,
606 1999 700 2039 quae
724 1986 976 2026 vinciuntur
998 1985 1115 2038 ligen
1140 2017 1148 2026 .
1174 2018 1182 2026 .
1210 2016 1218 2024 .
1243 1984 1527 2032 ΣΤΡΟΦΟΙηι
1550 1982 1569 2040 ΙΙ
1585 1984 1792 2025 Vermina

308 2074 342 2096 ἡ
379 2061 586 2103 dicuntur
687 2062 858 2103 dolores
961 2063 1152 2116 corporis
1257 2075 1355 2102 cum
1440 2061 1630 2115 quodam
1714 2074 1790 2100 ml-

376 2141 482 2179 nuto
597 2142 720 2180 motu
847 2139 970 2193 quasi
993 2145 1010 2187 †
1126 2137 1144 2194 ΙΙ
1176 2139 1339 2180 Veruta
1449 2139 1539 2192 pila
1642 2137 1789 2178 dicun-

376 2218 459 2264 tur,
523 2214 639 2268 quod
704 2247 713 2256 .
777 2248 785 2256 .
849 2215 1012 2257 habent
1094 2214 1284 2268 praefixa.
1347 2214 1517 2255 Ennius
1596 2214 1642 2254 li.
1704 2213 1757 2254 X.
1779 2228 1787 2253 z

381 2307 396 2326 «
436 2324 444 2332 .
510 2324 518 2332 .
584 2325 592 2332 .
657 2306 804 2332 cursus
857 2292 1118 2345 quingentos
1183 2305 1296 2345 saepe
1360 2290 1537 2332 veruti.»
1606 2287 1624 2345 ΙΙ
1657 2289 1791 2331 Urvat

375 2366 545 2408 Ennius
588 2368 633 2408 in
663 2367 958 2409 Andromeda.
992 2368 1210 2421 significat
1243 2367 1495 2418 circumdat,
1533 2367 1587 2408 ab
1626 2380 1677 2408 eo
1700 2366 1787 2407 sul-

304 2460 339 2484 30
375 2457 439 2494 co,
464 2446 537 2497 qui
559 2444 606 2485 fit
628 2445 673 2485 in
697 2445 803 2486 urbe
847 2444 1076 2486 condenda
1117 2457 1223 2484 urvo
1267 2443 1414 2493 aratri,
1459 2457 1553 2496 quae
1587 2441 1665 2489 fit†
1706 2443 1787 2483 for-

375 2534 448 2562 ma
568 2520 794 2562 simillima
915 2522 1064 2562 uncini
1188 2520 1436 2561 curvatione
1548 2518 1668 2559 buris
1746 2520 1786 2558 et

375 2597 528 2646 (lentis,
593 2598 660 2638 cui
723 2597 958 2650 praefigitur
1010 2610 1174 2638 vomer.
1224 2596 1283 2637 ait
1345 2598 1521 2636 autem:
1591 2593 1786 2635 «Circum

374 2687 465 2714 sese
528 2676 654 2714 urvat
716 2673 769 2714 ad
811 2672 943 2726 pedes
988 2687 1012 2713 a
1056 2675 1172 2713 terra
1213 2671 1552 2725 quadringentos
1612 2672 1778 2724 caput.»

380 2746 614 2803 {lUngulus
639 2749 847 2790 Oscorum
886 2749 1036 2801 lingua
1068 2749 1242 2797 anulus,
1277 2750 1325 2787 ut
1362 2781 1370 2788 .
1438 2780 1447 2788 .
1512 2780 1520 2788 .
1592 2746 1650 2787 «si
1683 2746 1786 2799 quid
