2072 3222
274 933 308 958 10

277 1286 307 1310 15

273 1639 307 1662 20

273 2344 308 2368 30

275 2697 308 2720 35

335 154 391 193 54
655 164 779 192 mum
802 162 1017 190 EXCERPTA
1039 162 1094 189 Ex
1115 162 1197 189 ΜΒ.
1221 161 1345 189 POMP.
1369 161 1490 189 FESTI
1711 158 1816 184 76-78

332 280 628 334 Empanda
650 292 923 334 paganorum
946 277 1038 319 dea.

332 353 534 394 Emem
561 350 762 392 eundem.

332 422 636 464 Elumbum
659 420 808 462 evulso
832 420 998 460 lumbo.

331 493 629 544 Elinguem
652 493 744 532 sine
768 490 933 542 lingua.

332 563 639 605 Elacatena
661 574 797 615 genus
831 560 1097 609 salsamenti,
1134 559 1250 613 quod
1283 560 1531 614 appellatur
1564 561 1695 612 vulgo
1723 574 1810 600 me-

391 634 582 675 landrea.

332 703 563 745 Enubro
587 703 817 744 inhibenti.

332 774 497 816 Elixa
519 788 544 815 a
565 775 732 827 liquore
757 773 882 814 diota.

334 844 719 896 Endoplorato
754 843 990 897 inplorato,
1027 842 1144 896 quod
1179 845 1242 883 est
1278 856 1377 883 eum
1413 844 1640 896 questione
1678 843 1811 883 incla-

391 930 522 956 mare.
559 913 785 972 Implorare
821 927 1012 967 namque
1046 916 1108 954 est
1140 927 1239 954 cun]
1273 913 1378 954 fletu
1409 926 1575 966 rogare,
1612 912 1727 966 quod
1750 916 1814 954 est

390 989 564 1040 proprie
587 985 848 1040 vapulantis.

331 1057 494 1098 Endo
518 1057 812 1109 procinctu
846 1059 892 1097 in
914 1057 1165 1110 procinctu:
1203 1055 1420 1109 signifieat
1443 1057 1602 1104 autem,
1639 1068 1738 1095 oum
1763 1068 1812 1095 ex

389 1129 538 1170 eastris
561 1130 607 1169 in
625 1128 829 1181 proelium
853 1128 1016 1168 exitum
1035 1129 1110 1176 est,
1135 1128 1396 1180 procinctos,
1422 1127 1813 1180 quasipraeeinotos

390 1202 517 1252 atque
541 1198 778 1252 expeditos.
813 1198 922 1239 Nam
946 1197 1062 1251 apud
1085 1199 1288 1250 antiquos
1311 1198 1423 1249 togis
1457 1197 1634 1239 incincti
1657 1199 1812 1250 pugni-

392 1273 504 1311 tasse
529 1269 745 1310 dicuntur.

331 1341 658 1392 Emptivum
680 1340 916 1381 militem
938 1339 1304 1380 mercennarium.

331 1412 686 1464 Emancipati
729 1412 896 1453 duobus
928 1410 1070 1452 modis
1102 1410 1431 1463 intelleguntur,
1467 1412 1542 1452 aut
1563 1409 1621 1459 hi,
1657 1411 1730 1462 qui
1765 1424 1814 1450 ex

390 1485 523 1536 pat-ris
539 1483 630 1524 iure
646 1484 856 1532 exierunt,
880 1483 956 1522 aut
970 1481 1028 1530 hi,
1054 1483 1127 1534 qui
1143 1481 1331 1522 aliorum
1354 1480 1465 1521 fiunt
1479 1480 1685 1527 dominii;
1710 1494 1812 1533 quo-

390 1567 487 1594 rum
511 1555 745 1606 utrumque
769 1552 816 1594 fit
838 1551 1175 1606 manoipatione.

331 1623 477 1663 Eum
500 1623 669 1676 antiqui
692 1623 893 1664 dicebant
914 1636 992 1676 pro
1009 1635 1174 1663 eorum.
1198 1618 1285 1662 Em
1302 1635 1380 1675 pro
1397 1635 1510 1670 eum,
1536 1621 1589 1662 ab
1614 1634 1677 1670 eo,
1698 1621 1814 1674 quod

392 1695 455 1734 est
475 1693 525 1735 is.

331 1764 545 1815 Egeriae
593 1763 853 1816 nymphae
889 1762 1193 1804 sacrificabant
1227 1765 1527 1816 praegnantes,
1567 1762 1683 1816 quod
1717 1776 1812 1804 eam

391 1837 602 1888 putabant
622 1835 747 1876 facile
772 1837 1032 1887 conceptum
1054 1833 1152 1874 alvo
1177 1847 1359 1886 egerere.

331 1905 572 1946 Escariae
608 1918 770 1947 mensae
806 1905 1025 1958 quadratae
1059 1907 1295 1954 vocantur,
1338 1906 1383 1945 in
1420 1906 1575 1958 quibus
1614 1904 1812 1946 homines

392 1977 639 2029 epulantur.
656 1974 889 2019 Anclabris
905 1990 954 2017 ex
969 1975 1081 2029 qua*
1106 1977 1151 2015 in
1175 1974 1458 2016 sacrificando
1483 1975 1546 2016 dis
1570 1974 1812 2024 anclatu1·*,

392 2046 508 2099 quod
531 2050 594 2087 est
616 2047 813 2087 hauritur
835 2047 1205 2098 ministraturque.

331 2117 485 2157 Eseit
508 2119 597 2158 erit.

330 2187 515 2238 Eapse
540 2202 589 2228 ea
613 2188 720 2241 ipsa.

331 2257 630 2299 Evelatum
664 2258 963 2307 eventilatum,
1008 2257 1124 2297 unde
1166 2254 1349 2305 sclabra,
1395 2257 1551 2309 quibus
1594 2257 1811 2298 frumenta

390 2327 671 2369 ventilantur.

332 2399 517 2449 Egens
541 2400 658 2439 velut
678 2412 849 2452 exgens,
875 2400 943 2438 cui
965 2412 1019 2438 ne
1042 2411 1147 2450 gens
1173 2397 1348 2450 quidem
1372 2398 1426 2438 Sit
1446 2398 1628 2450 reliqua.

332 2469 582 2510 Eiuratio
607 2469 831 2522 signifieat,
868 2468 925 2518 id,
961 2468 1079 2521 quod
1114 2468 1390 2516 desideretur,
1426 2481 1517 2508 non
1543 2481 1670 2521 posse
1705 2481 1811 2522 prae-

391 2541 508 2580 stari.
534 2541 738 2581 Plautus:
769 2540 989 2581 «Eiuravit
1012 2539 1256 2580 militiam».

333 2611 658 2652 Everriator
681 2613 874 2658 vocatur,
912 2612 985 2663 qui
1008 2612 1099 2651 iure
1134 2613 1308 2663 accepta
1344 2609 1581 2650 hereditate
1617 2609 1729 2649 iusta
1752 2608 1811 2649 fa-

394 2696 486 2723 eere
510 2682 712 2723 defuncto
737 2681 886 2728 debet;
924 2681 999 2734 qui
1022 2682 1057 2721 si
1090 2695 1179 2722 non
1202 2681 1362 2730 feeerit,
1397 2694 1473 2721 seu
1496 2679 1600 2732 quid
1622 2681 1668 2719 in
1695 2692 1745 2720 ea
1766 2693 1811 2720 re

392 2753 643 2801 turbaverit,
666 2765 744 2793 suo
768 2752 905 2805 eapite
930 2752 1033 2792 luat.
1076 2751 1125 2791 Id
1148 2764 1311 2792 nomen
1334 2750 1513 2791 ductum
1537 2763 1560 2790 a
1584 2748 1810 2790 verrendo.

390 2820 730 2864 Namsnrcerriw*
742 2824 844 2863 sunt
852 2821 1051 2875 purgatio
1062 2820 1259 2874 quaedam
1270 2821 1437 2869 domus,
1449 2833 1498 2860 ex
1514 2833 1597 2872 qua
1613 2822 1810 2860 mortuus

1853 866 1883 899 Π

1850 2764 1882 2797 ’18
