2072 3222
272 197 377 222 41—42
598 199 651 225 DE
675 198 986 226 51GN11·*1‹7A'1·1‹‘)1<
994 201 1017 225 ΡΞ
1041 201 1280 227 VERRORFM.
1660 188 1712 227 ‘20

243 332 247 334 ·
297 314 354 355 ad*
386 315 628 356 custodiam
662 315 926 362 faciliorem;
971 315 1086 366 quod
1124 315 1305 356 verbum
1344 330 1460 357 nunc
1501 317 1716 370 significat

297 385 582 434 conscribere,
606 399 723 425 nunc
746 385 900 433 facere,
924 399 1041 425 nunc
1067 399 1325 439 componere
1350 390 1390 427 et
1414 387 1639 428 instruere.

240 455 519 497 Consulas,
544 455 713 508 antiqui
741 455 977 508 ponebant
1019 469 1109 496 non
1147 460 1317 497 tantum
1360 471 1438 510 pro
1483 458 1715 498 consilium

296 528 419 579 petas
442 529 481 566 et
503 527 784 578 perconteris,
812 524 887 565 sed
910 527 1041 565 etiam
1066 539 1143 578 pro
1168 526 1331 567 iudices
1355 531 1395 567 et
1418 529 1597 568 statuas.

240 596 393 638 Cossi
417 596 470 638 ab
495 598 687 649 antiquis
723 596 981 637 dicebantur
1004 600 1162 637 natura
1185 597 1331 650 rugosi
1356 600 1546 651 corporis
1581 599 1717 639 homi·
1758 615 1774 639 s

297 681 388 717 nes,
428 682 452 708 a
488 667 772 708 similitudine
810 667 1026 707 vermium
1063 668 1182 720 liguo
1220 668 1446 717 editorum,
1491 669 1563 722 qui
1607 670 1717 710 cossi

297 738 591 792 appellantur.

241 808 546 850 Consilium
578 809 647 848 vel
682 822 705 847 a
741 808 1011 849 consulendo
1048 808 1214 859 dicitur,
1250 810 1317 850 vel
1354 810 1468 862 quod
1504 811 1547 851 in
1582 810 1716 852 unain

298 880 559 921 sententiam
581 880 775 932 plurium
800 882 968 920 mentes
991 880 1225 921 consiliant
1258 884 1298 921 et
1321 881 1607 929 conveniant;
1642 881 1717 922 sed

299 965 323 991 a
345 951 519 991 silentio
555 950 804 991 credibilius
840 950 1000 991 dictum
1027 953 1218 1004 putat-iux
1257 965 1341 1004 quo
1377 952 1563 993 maxime
1597 952 1715 993 invc-
1741 967 1775 992 ιο

298 1022 428 1062 nitur.

242 1091 557 1144 conscripti
590 1091 855 1139 dicebantur
906 1092 979 1144 qui
1018 1107 1066 1132 ex
1106 1094 1295 1144 equestri
1333 1092 1482 1134 ordine
1521 1094 1718 1147 patribus

300 1162 673 1211 adscribebantur,
698 1169 743 1202 ut
767 1176 977 1202 numerus
1003 1167 1255 1203 senatorum
1279 1164 1536 1216 expleretur.

243 1234 557 1285 ConspOSOS
591 1233 759 1286 antiqui
783 1232 983 1274 dicebant
1007 1233 1089 1274 tide
1114 1237 1267 1274 mutua
1290 1234 1546 1287 conligatOS.

244 1304 538 1346 Consualia
560 1304 652 1344 ludi
685 1303 955 1353 dicebantim
992 1318 1099 1356 quos
1122 1304 1167 1345 in
1201 1304 1411 1345 honorem
1435 1305 1567 1346 Consi
1588 1306 1719 1346 facie·
1743 1321 1775 1345 15

301 1376 420 1425 bant,
445 1389 574 1428 quem
598 1374 727 1416 deum
752 1376 923 1415 consilii
946 1375 1175 1428 putabant.

244 1445 564 1487 Conventus
599 1448 802 1498 quattuor
823 1446 964 1487 modis
986 1446 1267 1499 intellegitur.
1307 1446 1413 1495 [sno.
1451 1459 1549 1487 cum
1573 1460 1719 1500 quem-

301 1517 408 1557 libet
431 1516 657 1556 hominem
681 1516 734 1556 ab
759 1518 905 1569 aliquo
931 1520 1194 1557 conventum
1219 1531 1309 1557 esse
1334 1517 1529 1557 dicimus.
1556 1517 1718 1565 Altero,

302 1602 399 1628 cuin
423 1587 692 1639 significatur
726 1588 961 1629 multitudo
987 1602 1035 1628 ex
1070 1588 1368 1641 compluribus
1391 1588 1621 1640 generibus
1642 1588 1718 1628 ho-

300 1660 469 1699 minum
493 1661 714 1700 contracta
736 1661 781 1699 in
804 1673 941 1699 unum
966 1659 1125 1699 locum.
1150 1658 1303 1706 Tertio,
1329 1672 1427 1698 cum
1451 1673 1476 1699 a
1496 1658 1719 1710 magistra·
1742 1674 1778 1697 20

301 1730 416 1770 tibus
459 1729 605 1770 iudicii
649 1743 779 1770 causa
821 1729 1014 1782 populus
1057 1734 1355 1781 congregatur.
1413 1728 1576 1778 Quarto
1621 1742 1717 1768 cum

302 1801 490 1854 aliquem
515 1801 561 1840 in
594 1801 739 1841 locum
761 1800 1008 1853 frequentia
1031 1800 1262 1840 hominum
1290 1799 1622 1853 supplicationis
1646 1804 1719 1840 aut

301 1871 607 1925 gratulationis
631 1885 762 1912 causa
784 1871 1031 1924 conligitur.

245 1942 572 1984 Convicium
595 1957 619 1982 a
642 1944 759 1990 vicis,
782 1943 828 1981 in
853 1942 1009 1994 quibus
1032 1943 1153 1995 prius
1176 1941 1419 1982 habit-atum
1444 1944 1520 1989 est,
1554 1939 1721 1980 videtur

302 2014 479 2062 dictum,
503 2014 569 2053 vel
592 2013 807 2053 inmutata
830 2013 973 2053 littera
998 2011 1119 2065 quasi
1143 2013 1414 2052 convocium.
1746 2026 1780 2050 25

245 2083 523 2126 Coniuoli*
545 2083 660 2124 oculi
683 2086 785 2124 sunt
808 2083 853 2123 in
877 2086 1113 2135 angustum
1138 2082 1275 2123 coacti
1300 2081 1603 2122 coniventibus
1626 2080 1718 2133 pal—

304 2155 461 2209 pebris.

246 2224 646 2273 Consternatio,
681 2238 772 2277 quac
798 2227 862 2265 est
897 2223 1126 2264 concitatio
1164 2221 1360 2275 quaedam
1395 2221 1540 2262 subita
1572 2235 1620 2261 ex
1643 2221 1718 2261 ali-

303 2310 386 2349 quo
410 2298 540 2343 metu,
567 2309 591 2336 a
613 2297 958 2336 sternutamento
983 2293 1169 2334 deducta
1192 2297 1268 2341 est,
1293 2291 1409 2344 quod
1433 2305 1482 2332 eo
1506 2295 1595 2333 toto
1620 2304 1718 2332 con-

303 2367 490 2407 cutimur
511 2379 704 2419 corpore.
1745 2379 1780 2403 30

247 2436 613 2479 Considerare
647 2451 672 2478 a
695 2437 1063 2489 contemplatione
1091 2436 1281 2475 siderum
1306 2434 1474 2474 videtur
1496 2433 1720 2487 appellari.

246 2507 586 2558 Constitutus
606 2507 840 2548 hominum
865 2521 889 2547 a
911 2507 1245 2547 consistentium
1269 2503 1550 2545 multitudine
1574 2503 1720 2557 appel-

302 2580 431 2620 latur.

247 2648 527 2699 Convallis
551 2652 614 2689 est
636 2649 840 2702 planities
863 2663 913 2689 ex
936 2649 1057 2689 omni
1080 2650 1199 2700 parte
1224 2645 1541 2698 compiehensa
1564 2644 1719 2685 monti-

259 2745 264 2748 ·
304 2720 386 2760 bus
408 2710 660 2760 collibusvc.
697 2719 733 2759 V
737 2720 845 2761 alles
868 2719 1038 2760 duobus
1064 2717 1272 2758 lateribus
1310 2716 1479 2756 inclusa
1503 2714 1724 2791 planities.
1747 2730 1782 2754 35

304 2790 339 2829 V
343 2781 452 2831 alles
468 2789 796 2831 deminutivum
813 2787 1018 2833 vallemala
1044 2788 1158 2829 lacit.

248 2839 487 2903 Convoti
510 2860 645 2901 isdem
670 2874 692 2899 x
699 2860 778 2901 otis
806 2859 1000 2911 obligati.
