2072 3222
292 129 378 170 390
440 142 497 172 QU.
513 142 595 167 xm.
610 139 652 166 18.

290 954 329 978 10

292 1341 327 1366 15

291 1720 325 1745 20

290 2498 326 2522 30

363 258 419 299 ho

362 347 434 376 rev:

364 424 445 452 nar
507 445 516 453 .

362 489 486 542 requi

361 566 446 606 alia
469 580 493 607 α

364 642 479 696 quod
501 657 531 682 n
585 675 593 682 .

361 719 436 760 reb

362 795 454 836 indi
507 829 514 836 .

361 874 537 914 tertium

361 961 571 990 ranorum

361 1025 493 1079 positi

363 1102 444 1142 nisi
468 1115 491 1142 a

362 1179 531 1220 vocabu
586 1212 594 1219 .

363 1258 514 1297 cretun

363 1332 480 1373 sulta

362 1409 532 1458 dicitur,
557 1409 629 1461 qui
651 1408 754 1449 bien
808 1440 817 1449 .

362 1500 422 1536 co,
446 1485 487 1526 id
513 1488 575 1526 est
598 1485 702 1526 arist

361 1564 472 1611 cant,
497 1562 642 1615 excipe

360 1638 532 1680 residet.
558 1638 709 1680 Accius
733 1670 741 1678 .

360 1715 570 1763 residuos,
595 1728 739 1755 summ

360 1792 405 1832 in
428 1793 568 1833 Rosa:
599 1793 829 1845 «prieterea

359 1868 545 1910 Pacuius
566 1874 583 1915 †
609 1869 655 1907 in
679 1881 772 1909 arm

359 1945 508 1998 Tuque
530 1947 572 1986 te
596 1943 763 1984 desider

360 2035 439 2063 nos
461 2021 530 2061 hic
553 2033 646 2061 esse
670 2034 713 2060 m

311 2110 324 2134 5
361 2096 380 2153 ΙΙ
394 2099 640 2144 Resecrare,
664 2096 778 2137 reso]

359 2187 458 2214 reus
480 2173 695 2227 populum
720 2186 767 2213 co

361 2252 409 2290 ut
430 2264 478 2290 eo
501 2249 693 2303 periculo
717 2246 751 2290 le?
804 2281 812 2289 .

361 2329 521 2367 stratus
545 2339 645 2366 eum
662 2339 803 2366 resecr

362 2407 405 2444 se
428 2403 677 2450 liberarent,
701 2402 770 2442 ins
805 2435 813 2442 .

359 2482 657 2532 innocensque
681 2481 806 2529 esset,
831 2491 908 2519 cau
959 2511 966 2519 .

361 2559 438 2606 est,
461 2570 516 2596 ne
540 2554 680 2596 eidem
703 2555 859 2595 iterum

362 2632 704 2673 animadvertisti
728 2665 736 2672 .

362 2721 547 2761 cumque
571 2707 749 2749 comitia
771 2721 863 2748 esse

718 142 841 170 FESTI
854 141 1012 171 FRAGM.
1029 142 1055 169 E
1071 142 1163 170 COD.
1178 142 1303 170 FARN.
1318 143 1357 171 L.
1371 143 1473 171 XVII.

1610 143 1642 167 P.
1660 140 1711 167 281
1732 142 1779 168 M.

1550 1287 1558 1294 .
1654 1251 1672 1308 ΙΙ
1696 1250 1778 1295 Re-

1365 1328 1383 1386 ΙΙ
1400 1327 1600 1373 Hes-tibist

1397 1557 1416 1615 ΙΙ
1430 1557 1555 1602 Reges

1602 1344 1620 1372 S
