2072 3222
264 132 352 174 494
413 145 470 175 QU.
487 145 545 169 xv.
560 144 586 168 6.
656 145 778 172 FESTI
792 144 948 173 FRAGM.
964 143 990 171 Ε
1006 144 1097 172 COD.
1113 144 1237 173 FARN.
1253 145 1290 172 L.
1306 144 1443 172 XVIIII.
1597 144 1628 169 P.
1644 142 1697 169 333
1711 145 1750 168 m.

334 263 428 302 tum
451 260 537 302 vidi
559 261 742 301 scrattiae
765 257 892 301 muli.
1284 257 1303 315 ΙΙ
1328 257 1559 303 Scrzctillus
1593 293 1602 301 .

334 337 505 378 labatur
586 338 736 378 venter
817 335 987 386 suillus,
1070 348 1117 377 co
1150 368 1159 377 .

335 413 540 454 Plautus:
630 415 802 454 «venter
883 412 1025 453 sullus
1044 418 1080 461 †,
1135 412 1177 453 di
1224 443 1233 452 .

334 489 564 536 inillum.†
651 502 728 542 ego
810 502 879 529 me
961 487 1088 530 hodie
1148 520 1157 530 .

283 583 299 607 5
334 579 405 607 esa
486 566 594 607 farte
676 565 869 606 biberem
923 597 932 606 .

338 640 355 698 ΙΙ
371 641 578 696 Spinther
689 643 925 684 vocabatur

338 732 405 760 res
481 720 705 772 antique†
792 732 886 771 gere

338 796 527 837 sinistro.
612 794 816 836 Plautus:
901 795 953 835 Iu
999 827 1007 835 .
1074 827 1082 836 .
1148 827 1156 835 .

336 872 728 914 reconcinnarier.»
952 868 971 926 ΙΙ
989 868 1147 928 Scrupi

268 958 303 984 10
337 962 452 998 Saxa,
533 950 575 990 et
656 947 819 989 difficili

336 1027 373 1066 ri
455 1025 650 1072 insuetae,
733 1030 804 1066 aut

338 1102 439 1143 lere.
492 1101 662 1143 Ennius
715 1102 760 1142 in
814 1102 881 1141 An
932 1134 940 1142 .

336 1179 415 1219 tita
467 1184 605 1225 saxa†
693 1182 821 1231 atque
873 1177 989 1224 11051-

338 1255 462 1296 Unde
574 1255 876 1308 scrupolosam

269 1348 305 1373 15
340 1332 385 1372 in
437 1345 481 1372 se
534 1329 692 1385 asperi.
756 1329 895 1372 Corne

338 1408 460 1449 HIL:
546 1407 634 1448 «hie
716 1410 810 1448 tum
862 1407 993 1448 iniect

340 1487 381 1525 et
473 1483 672 1537 quaedam
755 1483 1001 1526 dubitatio.»
1074 1517 1082 1525 .
1148 1517 1156 1524 .
1221 1517 1230 1525 .
1295 1517 1303 1525 .
1369 1517 1377 1525 .
1443 1517 1452 1525 .
1552 1480 1748 1539 HScrsm-

338 1562 433 1601 tum
544 1560 781 1602 vocabatur

338 1636 648 1684 reconduntur,
672 1637 725 1677 ab
748 1650 796 1678 ea
854 1670 862 1678 .

267 1727 304 1752 20
340 1714 478 1766 quia†
534 1713 719 1766 pellibus
771 1725 948 1760 nomen,
1003 1725 1027 1753 a
1080 1730 1132 1754 σκ

339 1790 508 1843 scyticae
523 1795 554 1837 †,
638 1792 678 1830 et
760 1792 882 1830 scuta

340 1865 358 1922 ΙΙ
393 1865 635 1908 Sceleratus
719 1879 897 1919 campus
980 1879 1067 1919 app

339 1943 489 1992 linam,
572 1944 618 1983 in
702 1956 787 1996 quo
871 1942 1011 1996 virgin
1075 1975 1083 1984 .

340 2021 545 2068 fecerunt,
627 2018 805 2060 defossae
890 2022 992 2060 sunt
1056 2032 1082 2059 v
1144 2052 1153 2060 .
1219 2052 1227 2060 .
1292 2017 1310 2074 ΙΙ
1333 2015 1671 2061 Scribonianm

269 2116 304 2140 25
338 2095 527 2149 pellatur
608 2098 768 2143 antea†
850 2095 958 2137 atria

340 2172 509 2220 bonius,
593 2171 660 2212 cui
741 2171 966 2224 negotium
1048 2171 1160 2213 da.

341 2250 612 2301 conquireret
693 2248 907 2295 sacceum
990 2250 1049 2290 att

341 2325 516 2373 curavit,
600 2324 702 2378 quia
782 2325 827 2365 in
911 2338 960 2365 eo
1043 2324 1135 2366 loco

341 2400 620 2447 saccellum†
705 2400 799 2441 fuit.
883 2400 1003 2454 quod
1086 2400 1233 2453 igno.

269 2492 305 2517 30
341 2479 387 2518 ut
468 2475 658 2530 quidam,
743 2477 890 2530 fulgur
971 2476 1195 2518 conditum

342 2554 404 2594 fae
457 2555 519 2593 est
570 2553 726 2605 integi:
780 2566 953 2606 semper
1004 2553 1159 2594 forami

342 2632 384 2669 to
467 2629 632 2676 celum†
717 2631 850 2682 patet.
996 2626 1014 2684 ΙΙ
1034 2628 1273 2670 Sceleratus
1326 2630 1366 2668 vi

343 2707 457 2746 octus
498 2706 757 2757 Tarquinius
801 2704 1024 2757 Superbus
1067 2704 1250 2745 interfici

341 2785 406 2823 set
457 2780 655 2822 Servium
708 2781 899 2823 Tullium
951 2794 1097 2834 regem
1151 2794 1245 2823 soce
1295 2814 1303 2822 .
