2072 3222
351 142 436 182 3422
499 154 558 183 QU.
578 154 645 178 XII.
667 151 710 178 26.
765 154 886 182 FESTI
900 154 1057 183 FRAGM.
1074 154 1100 181 E
1119 154 1211 182 COD.
1228 154 1352 181 FARN.
1368 155 1406 181 L.
1421 154 1522 182 XVII.
1672 154 1702 177 P.
1722 152 1774 178 257
1798 154 1836 179 M.

424 268 442 325 ΙΙ
466 268 686 321 Qui-notia
717 276 850 327 prata
888 304 896 311 .

423 346 484 387 sib
518 377 527 386 .

422 436 497 475 agr

422 499 509 540 Sen

371 595 385 618 5
421 575 500 616 Cin

421 652 501 692 riss

420 742 499 781 pec
585 761 592 768 .
659 761 666 768 .
733 761 740 768 .
806 761 814 768 .
881 761 889 768 .
955 761 963 768 .
1028 726 1047 783 ΙΙ
1089 725 1315 779 Quintana
1336 733 1483 784 porta.

421 806 478 845 sis
507 810 523 840 Τ

421 894 497 922 vos

350 971 384 995 10
418 957 534 1011 quod
567 971 616 998 eo
663 991 671 998 .
738 991 745 998 .
812 991 819 998 .
885 990 893 998 .
960 991 967 998 .
1033 991 1040 998 .
1107 991 1115 998 .
1181 991 1189 998 .
1236 956 1254 1013 ΙΙ
1292 954 1561 1009 Quintiliana
1592 953 1780 1012 Luperci

420 1034 550 1088 appel
585 1068 592 1075 .

422 1115 485 1152 est
517 1111 581 1151 Lu

420 1188 603 1241 Lupexci
663 1220 671 1228 .

419 1263 595 1305 Romuli

350 1359 383 1383 15
419 1343 460 1380 et
482 1337 693 1391 Quinetilz'

421 1430 604 1469 quorum
638 1429 742 1457 num
1547 1448 1554 1456 .
1621 1448 1629 1456 .
1695 1448 1702 1456 .

419 1494 537 1534 noris
569 1493 707 1546 gratia
812 1527 819 1534 .
886 1526 893 1533 .
958 1526 967 1533 .
1033 1526 1040 1533 .
1108 1526 1114 1533 .
1182 1526 1188 1533 .
1256 1526 1262 1532 .
1329 1526 1335 1532 .
1403 1526 1410 1532 .
1478 1526 1485 1532 .
1551 1525 1559 1532 .
1595 1489 1614 1547 ΙΙ
1639 1488 1775 1543 Quin-

418 1573 569 1610 tanam
603 1571 783 1610 classem

417 1660 489 1686 rex
513 1646 715 1687 distribut

346 1736 382 1760 20
416 1722 528 1771 feeit,
565 1736 662 1762 (tum
698 1736 768 1763 eas
802 1719 881 1763 0er

417 1812 510 1840 sam
543 1798 594 1838 de
628 1797 767 1851 eapite

415 1875 526 1915 nihil
560 1877 732 1928 praeter
765 1888 808 1915 se
842 1874 871 1914 h

417 1951 540 1991 cilius
574 1951 631 1991 sic
667 1965 736 1992 .m.
771 1950 886 2004 quod
945 1984 952 1991 .

418 2027 614 2080 adeptus.
723 2026 741 2081 ΙΙ
775 2028 1089 2080 Querque-rmn

345 2125 379 2149 25
416 2117 519 2144 nam
553 2104 729 2156 quidam
757 2110 774 2135 4
812 2117 940 2157 quer(¹

416 2180 591 2229 arboris.
617 2194 715 2220 eum
742 2193 818 2233 gra
880 2213 887 2220 .

414 2259 635 2308 ingentem
669 2256 803 2297 evada·

416 2332 583 2386 Opilius
614 2332 815 2385 frigidam
848 2347 872 2374 a

414 2412 516 2450 tem.
551 2409 710 2450 Santra
742 2423 837 2451 eam
871 2423 918 2450 ex
953 2408 990 2449 G
1024 2442 1032 2449 .

343 2501 379 2525 ευ
412 2499 505 2525 rem
539 2485 751 2526 eiusmodi
784 2487 1001 2540 Βαρκαίων

414 2562 546 2600 etiam
591 2574 819 2602 carcerem.
852 2560 961 2601 Plau

415 2644 504 2677 emt
538 2637 634 2677 bilis
669 2650 857 2690 querque

421 2715 608 2753 «iactans
631 2725 700 2752 me
733 2715 781 2753 ut
812 2713 882 2753 feb

413 2792 477 2829 ret·
508 2789 632 2829 alibi:
673 2802 887 2842 «querque
