2072 3222
358 141 415 179 44
690 153 811 180 PAULI
836 152 1050 180 EXCERPTA
1068 152 1122 179 Ex
1146 153 1226 179 ΜΒ.
1254 153 1377 180 pone.
1404 152 1523 180 FEsTl
1733 149 1838 176 ὅμως

361 266 622 308 Curionis.
644 278 812 317 sacra,
839 281 933 320 quae
956 269 1002 307 in
1028 268 1158 308 curiis
1181 268 1357 309 fiebant.

361 336 713 389 Corpulentis
736 338 907 379 Ennius
940 352 1019 391 pro
1043 339 1214 391 magnis
1250 339 1378 387 dixit:
1414 352 1494 379 nos
1529 338 1837 392 corpulentum

418 408 602 449 dicimus
626 411 819 461 corporis
842 409 962 450 obesi
985 408 1226 449 hominem.

361 478 720 519 Conciliatrix
738 479 905 528 dicitur,
925 493 1019 533 quae
1037 481 1139 520 viris
1158 480 1364 521 conciliat
1378 493 1534 521 uxores
1550 483 1591 520 et
1603 476 1840 520 uxoribus*

420 551 546 590 viros.

361 619 663 661 Conventae
700 620 954 662 condicio
992 622 1240 671 dicebatur,
1277 635 1374 662 cum
1409 623 1577 675 primus
1610 634 1752 661 sermo
1791 619 1841 660 de

417 691 584 744 nuptiis
609 695 649 731 ot
671 706 822 733 earum
847 691 1103 733 condicione
1128 692 1385 734 habebatur.

361 761 715 814 Conceptivae
751 762 901 804 feriae
929 762 1061 804 talia*
1097 764 1209 804 festa
1231 763 1501 811 dicebantur,
1539 777 1631 817 quae
1667 763 1842 804 incertis

418 832 570 873 diebus
604 833 950 875 observabantur
984 835 1233 887 quotannis,
1269 838 1317 876 ut
1353 834 1629 883 Sementivae,
1666 833 1838 887 Compi-

308 921 338 942 10
422 904 592 944 1181110118.

361 972 617 1015 Caelibari
648 974 808 1016 hasta
830 980 961 1029 caput
994 976 1202 1017 nubentis
1238 977 1505 1025 comebatur,
1542 990 1634 1028 quae
1671 975 1715 1015 in
1752 988 1842 1016 cor-

417 1058 522 1097 pore
545 1045 798 1097 gladiatoris
821 1047 1010 1088 stetisset
1034 1048 1191 1087 abiecti
1215 1048 1444 1100 occisique,
1472 1049 1534 1096 ut,
1559 1045 1839 1099 quemadmo-

419 1115 521 1156 dum
544 1116 621 1156 illa
645 1117 879 1158 coniuncta
901 1117 1031 1158 fuerit
1054 1132 1152 1158 cum
1177 1131 1355 1171 corpore
1379 1117 1642 1170 gladiatoris,
1668 1117 1728 1156 sic
1747 1116 1842 1170 ipsa

418 1200 516 1226 cum
540 1186 631 1227 viro
655 1187 709 1227 sit
722 1202 731 1235 ;
768 1187 836 1227 vel
860 1189 962 1240 quia
995 1191 1205 1229 matronae
1239 1188 1422 1228 Iunonis
1457 1187 1615 1228 Curitis
1638 1188 1683 1227 in
1706 1187 1843 1228 tutela

303 1275 333 1297 15
419 1258 519 1306 sint,
556 1271 648 1309 quze
685 1258 745 1298 ita
782 1259 1088 1311 appellabatur
1120 1272 1145 1298 a
1178 1259 1357 1299 ferenda
1389 1259 1526 1307 hasta,
1565 1271 1658 1311 quw
1692 1258 1844 1310 lingua

419 1326 685 1368 Sabinorum
709 1327 832 1369 Curis
856 1328 1034 1375 dicitur:
1071 1330 1138 1370 vel
1163 1328 1279 1382 quod
1314 1329 1447 1370 fortes
1470 1329 1586 1369 viros
1622 1329 1843 1381 genituras

419 1399 660 1440 ominetur:
697 1400 763 1439 vel
799 1399 915 1452 quod
950 1401 1138 1453 nuptiali
1160 1402 1252 1441 iure
1295 1399 1477 1453 imperio
1513 1399 1590 1439 viri
1634 1400 1845 1440 subicitur

418 1469 603 1518 nubens,
628 1470 730 1521 quia
752 1469 879 1511 hasta
901 1484 1074 1511 summa
1098 1484 1320 1511 armorum
1345 1474 1385 1511 et
1407 1472 1578 1524 imperii
1601 1474 1676 1511 est.
1702 1469 1842 1520 Quam

419 1539 473 1579 ob
498 1553 676 1580 causam
711 1542 790 1580 viri
813 1541 945 1581 fortes
972 1555 1022 1581 ea
1057 1540 1291 1590 donantur,
1329 1544 1369 1581 et
1392 1541 1551 1595 captivi
1586 1541 1666 1581 sub
1691 1541 1842 1581 eadem

301 1628 334 1651 20
418 1615 622 1659 veneunt,
649 1625 756 1664 quos
776 1610 913 1652 Graeci
938 1612 1216 1666 δορυαλώτους
1243 1615 1282 1653 et
1306 1613 1569 1668 ὃορυκτῄτους
1592 1616 1762 1653 vocant.

362 1679 624 1731 Cingillo‘*
650 1695 766 1723 nova
789 1686 927 1736 nupta
948 1683 1310 1736 praecingebatur,
1335 1683 1451 1736 quod
1473 1684 1538 1723 vir
1559 1682 1604 1722 in
1623 1683 1733 1724 lecto
1757 1683 1841 1723 sol-

419 1752 559 1802 vebat,
583 1753 745 1794 factum
770 1767 816 1793 ex
841 1754 945 1794 lana
960 1754 1065 1802 ovis,
1089 1758 1151 1803 ut,
1174 1754 1284 1794 sicut
1307 1754 1383 1794 illa
1405 1754 1451 1794 in
1473 1753 1644 1806 glomos
1667 1754 1843 1794 sublata

419 1824 653 1863 coniuncta
678 1823 790 1864 inter
813 1838 857 1863 se
882 1824 950 1872 sit,
983 1826 1041 1863 sic
1066 1826 1129 1864 vir
1151 1838 1255 1864 suus
1289 1838 1437 1864 secum
1461 1824 1628 1864 cinctus
1651 1826 1841 1864 vinctus—

420 1907 500 1945 que
516 1901 638 1934 esset.
662 1894 793 1934 Hunc
813 1894 1090 1935 Herculaneo
1107 1894 1223 1935 nodo
1239 1896 1435 1935 vinctum
1453 1896 1518 1935 vir
1533 1895 1662 1935 solvit
1683 1895 1842 1936 ominis

418 1964 568 2015 gratia,
604 1972 649 2004 ut
672 1964 730 2005 sic
764 1967 855 2018 ipse
878 1965 979 2005 felix
1014 1967 1067 2005 sit
1090 1967 1135 2005 in
1171 1965 1459 2019 suscipiendis
1494 1966 1656 2015 liberis,
1691 1968 1739 2006 ut
1761 1965 1843 2005 fuit

418 2034 644 2085 Hercules,
670 2036 743 2088 qui
767 2037 1047 2089 septuaginta
1070 2036 1232 2077 liberos
1255 2037 1443 2089 reliquit.

362 2103 596 2146 Camelis
621 2106 927 2157 Virginibus
951 2106 1198 2159 supplicare
1221 2110 1422 2160 nuptura}
1447 2107 1583 2147 solita²
1608 2108 1742 2147 erant.

362 2173 567 2215 Cinxiae
603 2175 835 2216 Iunonis
869 2190 1032 2217 nomen
1067 2180 1267 2217 sanctum
1303 2177 1548 2218 habebatur
1581 2179 1625 2217 in
1661 2178 1842 2230 nuptiis,

420 2246 533 2297 quod
556 2247 679 2287 initio
714 2247 903 2299 coniugii
928 2248 1086 2287 solutio
1121 2250 1213 2288 erat
1237 2248 1411 2300 cinguli,
1449 2261 1533 2300 quo
1556 2261 1672 2288 nova
1703 2249 1842 2301 nupta

301 2336 334 2357 :⁷21¹
420 2318 511 2356 erat
534 2317 690 2358 cincta.

362 2383 658 2426 Cumeram
681 2388 898 2428 vocabant
933 2388 1101 2439 antiqui
1123 2401 1197 2429 vas
1233 2387 1453 2440 quoddam
1490 2388 1605 2440 quod
1639 2391 1839 2441 opertum

419 2457 463 2495 in
487 2457 652 2509 nuptiis
675 2457 885 2506 ferebant,
923 2459 967 2498 111
993 2471 1076 2510 quo
1101 2460 1225 2498 erant
1247 2458 1455 2499 nubentis
1480 2458 1698 2507 utensilia,
1723 2457 1839 2511 quod

420 2529 460 2566 et
477 2540 521 2567 ca
531 2524 606 2567 mil
611 2525 623 2568 l
629 2540 694 2568 um
712 2527 926 2577 dicebant,
943 2541 992 2569 eo
1010 2527 1125 2580 quod
1139 2541 1362 2568 sacrorum
1378 2529 1627 2569 minist-rum
1641 2530 1838 2583 κάσμιλον

421 2597 718 2649 appellabant.

302 2688 335 2708 35,
363 2664 640 2717 Gomptus‚
677 2667 805 2708 idest
832 2672 1026 2717 ornatus,
1062 2682 1087 2708 a
1122 2668 1271 2710 Graeeo
1308 2669 1541 2719 descendit,
1577 2669 1695 2722 apud
1730 2682 1838 2722 quos

418 2742 583 2791 κοσμεῖν
608 2737 761 2778 dicitur
784 2752 968 2788 comere,
991 2746 1032 2779 et
1053 2742 1239 2794 κόσμιος,
1263 2742 1337 2792 qui
1360 2739 1476 2793 apud
1498 2753 1578 2780 nos
1601 2742 1759 2788 comis;
1797 2743 1838 2780 et

419 2821 541 2849 comm
566 2807 766 2848 dicuntur
790 2810 936 2861 capilli
961 2823 1058 2849 cum
1083 2810 1232 2862 aliqua
1255 2824 1358 2850 cura
1381 2810 1623 2863 compositi.

1878 1124 1911 1157 013
