2072 3222
293 133 379 174 380
440 146 496 175 Qu.
514 146 593 170 xm.
613 144 653 171 13.
689 147 809 174 FESTI
824 147 981 175 FRAGM.
997 148 1023 174 E
1038 147 1131 175 con.
1147 148 1273 176 FARN.
1289 149 1327 176 L.
1344 149 1443 177 xvn.
1611 150 1641 174 P.
1664 148 1715 174 υ277
1737 150 1774 175 Μ.

291 960 326 984 10

290 1350 324 1374 15

288 1727 323 1751 20

287 2499 322 2523 30

364 261 479 303 unde
552 262 749 303 reciniati
816 263 939 303 mimi
1001 263 1271 317 planipedes.
1335 278 1466 317 quam
1527 279 1621 306 rem
1685 265 1775 306 dili-

362 339 515 390 genter
576 338 819 391 exsequitur
871 338 1028 379 Santra
1079 340 1107 380 1.
1158 340 1214 381 Π..
1268 339 1319 381 de
1372 341 1629 395 antiquitate
1682 356 1771 383 ver-

363 414 532 455 borum.
609 412 962 470 ''Reconductae†
1013 416 1176 458 fecerit-r
1237 420 1308 464 et†
1371 418 1555 459 condere
1611 418 1774 468 urbem,

362 490 517 539 facere,
582 490 809 541 aedificare,
876 495 923 533 ut
988 492 1161 534 Cincius
1226 495 1410 534 testatur
1461 494 1507 534 in
1559 494 1668 535 libro
1725 494 1775 535 de

360 567 499 608 verbis
574 567 739 621 priscis,
823 565 842 623 ΙΙ
877 568 991 611 Ricae
1056 571 1098 610 et
1158 571 1303 611 riculae
1368 572 1579 611 vocantur
1639 584 1772 624 parva

360 644 523 693 ricinia,
587 648 634 685 ut
694 645 877 698 palliola
939 646 992 687 ad
1046 660 1173 687 usum
1227 647 1378 700 capitis
1431 647 1556 688 facta.
1610 646 1730 688 Gran
1753 650 1769 678 4

362 720 535 773 quidem
609 721 667 763 ait
729 735 822 762 esse
886 723 1098 763 muliebre
1174 723 1397 776 cingulum
1460 723 1624 777 capitis,
1690 737 1774 777 quo

361 811 440 850 pro
523 797 627 838 vitta
709 798 952 840 Flaminica
1032 799 1302 841 redimiatur.
1362 797 1556 855 “Recte2s
1623 802 1771 854 appel-

360 874 508 915 lantur
610 876 870 916 vestimenta
960 875 1114 925 virilia,
1207 890 1301 929 qua}
1394 879 1538 930 patres
1630 877 1775 918 liberis

361 951 447 991 suis
509 950 780 992 conficienda
833 958 1013 999 curam†
1058 952 1282 1000 hominis†
1336 966 1489 995 causa:
1543 955 1601 994 ita
1653 968 1774 994 usur-

360 1030 465 1081 pata
533 1043 587 1082 .q.
642 1028 951 1075 adstantibus³r
1004 1030 1045 1069 et
1107 1029 1152 1069 in
1217 1029 1494 1071 altitudinem
1556 1032 1774 1071 texuntur.

362 1103 758 1160 {lRemancipatam
811 1104 967 1146 Gallus
1009 1105 1156 1146 Aelius
1205 1119 1296 1146 esse
1345 1105 1417 1155 ait,
1466 1120 1559 1159 quae
1608 1107 1771 1147 manci-

360 1184 462 1234 pata
523 1183 577 1223 sit
631 1181 685 1222 ab
740 1195 806 1231 eo,
860 1183 929 1222 cui
981 1183 1027 1222 in
1081 1196 1264 1223 manum
1319 1183 1587 1224 convenerit.
1642 1180 1773 1238 ”Rie-

360 1271 436 1298 nes
498 1271 604 1311 quos
666 1271 784 1298 nunc
856 1272 1064 1299 vocamus
1123 1259 1286 1312 antiqui
1358 1258 1644 1300 nefrundines
1698 1273 1770 1312 ap-

359 1334 596 1387 pellabant,
661 1335 762 1387 quia
825 1333 964 1375 Graeci
1025 1341 1256 1391 neppooz's
1324 1349 1397 1376 eos
1452 1337 1621 1376 vocant.
1677 1335 1772 1376 Pla-

360 1414 459 1452 utus
538 1411 582 1451 in
661 1410 912 1464 Satyrione:
997 1411 1136 1452 «Male
1213 1411 1293 1452 tibi
1366 1412 1557 1453 evenisse
1634 1412 1770 1459 video,

360 1488 508 1540 glaber
599 1490 691 1529 erat
773 1490 997 1541 tamquam
1079 1488 1209 1529 rien.»
1299 1485 1318 1543 ΙΙ
1342 1488 1514 1529 Refriva
1575 1489 1721 1529 frabra
1749 1495 1766 1529 †

360 1564 526 1614 dicitur,
551 1565 647 1612 via†
687 1566 746 1606 ait
775 1564 947 1606 Cincius
981 1579 1164 1618 quoque,
1201 1579 1295 1619 quae
1333 1565 1387 1606 ad
1421 1566 1681 1607 sacrificium
1704 1579 1767 1606 re-

359 1641 461 1681 ferri
527 1642 635 1681 solet
699 1640 879 1681 domum
935 1655 983 1681 ex
1039 1644 1182 1694 segete
1251 1642 1416 1695 auspici
1470 1655 1616 1691 causa,
1669 1656 1770 1695 qua-

358 1718 393 1757 si
455 1720 691 1764 revocant†
755 1718 911 1770 fruges,
976 1721 1022 1759 ut
1086 1717 1267 1758 domum
1330 1717 1571 1763 datantes†
1646 1719 1769 1759 tevir-

357 1795 479 1840 tico†
530 1794 603 1834 vad
667 1808 759 1835 rem
826 1794 1019 1835 divinam
1072 1795 1333 1836 faciendam.
1388 1795 1537 1836 Aelius
1591 1795 1769 1846 dubitat,

359 1884 414 1911 an
458 1883 508 1911 ea
550 1871 616 1918 sit,
660 1885 751 1923 qua¹
796 1871 969 1924 prolata
1009 1873 1057 1911 in
1100 1874 1288 1925 segetem
1328 1872 1509 1913 domum
1547 1872 1769 1918 referatur,

359 1960 415 1987 an
458 1961 550 1999 quae
593 1947 837 1999 refrigatur,
878 1947 993 2000 quod
1033 1951 1098 1988 est
1136 1951 1362 1990 torreatur.
1402 1948 1476 1989 sed
1515 1948 1768 2002 opinionem

359 2023 480 2064 Cinci
533 2023 721 2072 adiuvat,
770 2023 886 2077 quod
934 2024 978 2064 in
1027 2025 1228 2065 sacrificis
1275 2026 1474 2078 publicis,
1524 2039 1622 2066 cum
1670 2026 1769 2078 puls

307 2118 320 2141 5
355 2099 500 2141 fabata
581 2099 646 2140 dis
728 2100 867 2149 datur,
950 2101 1205 2142 nominatur
1281 2101 1450 2142 refriva.
1514 2099 1533 2156 ΙΙ
1558 2102 1768 2143 Remeare

356 2176 516 2217 redire:
582 2179 629 2216 ut
692 2190 950 2225 commeare,
1016 2177 1130 2218 ultro
1196 2179 1302 2218 citro
1355 2178 1428 2218 ire.
1482 2178 1597 2218 unde
1651 2192 1766 2219 com-

358 2254 526 2293 meatus
543 2253 634 2293 dari
649 2253 816 2302 dicitur,
827 2253 870 2293 id
885 2256 948 2295 est
962 2255 1147 2307 tempus,
1160 2268 1243 2306 quo
1259 2255 1332 2303 ire,
1343 2253 1480 2295 redire
1490 2259 1608 2301 cum†
1618 2255 1767 2307 possit.

360 2329 560 2370 Afranius
614 2332 698 2376 ΠΗ
755 2331 799 2370 in
852 2344 903 2371 ea
954 2332 1262 2384 manciIJato†:
1323 2331 1497 2371 «Vetuit
1549 2334 1618 2372 me
1671 2331 1766 2372 sine

359 2405 554 2446 mercede
610 2419 787 2459 prosum
829 2407 1042 2459 pauciiis†
1083 2420 1277 2447 remeare
1320 2407 1365 2447 in
1409 2406 1602 2447 ludum.»
1651 2404 1669 2462 ΙΙ
1685 2409 1763 2448 Re-

357 2482 569 2535 meligens
609 2488 625 2528 ⁴:
713 2484 755 2522 et
836 2496 1016 2523 remora¹
1096 2482 1415 2531 memorando†
1483 2483 1604 2524 dicta>
1668 2487 1769 2524 sunt

358 2560 403 2598 in
424 2564 441 2605 ἢ
459 2558 616 2599 Plauto
632 2559 677 2598 in
692 2559 880 2606 Panum
897 2572 905 2596 :
924 2559 1060 2600 «Nam
1076 2560 1177 2612 quid
1192 2560 1277 2600 illae
1294 2574 1412 2600 nunc
1425 2563 1516 2601 tam
1533 2559 1736 2599 divinitus
1751 2565 1767 2607 †

357 2637 633 2676 remorantur
698 2635 1014 2688 remeligines.»
1089 2636 1143 2675 ab
1213 2636 1390 2677 Afranio
1454 2637 1499 2675 in
1566 2635 1763 2676 Prodito:

365 2724 476 2750 «rem
514 2711 661 2763 eligo*
702 2725 726 2751 a
761 2711 946 2751 Laribus
981 2711 1112 2752 missa
1146 2725 1241 2752 sum
1278 2712 1391 2753 hanc
1410 2718 1444 2760 †,
1475 2725 1566 2765 quae
1591 2725 1765 2752 cursum
