<?xml version="1.0" encoding="UTF-8"?>
<!DOCTYPE html PUBLIC "-//W3C//DTD XHTML 1.0 Transitional//EN"
    "http://www.w3.org/TR/xhtml1/DTD/xhtml1-transitional.dtd">
<html xmlns="http://www.w3.org/1999/xhtml" xml:lang="en" lang="en">
 <head>
  <title>
</title>
<meta http-equiv="Content-Type" content="text/html;charset=utf-8" />
  <meta name='ocr-system' content='tesseract 3.04.00' />
  <meta name='ocr-capabilities' content='ocr_page ocr_carea ocr_par ocr_line ocrx_word'/>
</head>
<body>
  <div class='ocr_page' id='page_1' title='image "./deverborumsignif00festuoft_0292.png"; bbox 0 0 2072 3222; ppageno 0'>
   <div class='ocr_carea' id='block_1_1' title="bbox 342 140 1813 182">
    <p class='ocr_par' dir='ltr' id='par_1_1' title="bbox 342 140 1813 182">
     <span class='ocr_line' id='line_1_1' title="bbox 342 140 1813 182; baseline 0.001 -2"><span class='ocrx_word' id='word_1_1' title='bbox 342 140 425 181; x_wconf 53' lang='lat' dir='ltr'>L&#39;l-&#39;k</span> <span class='ocrx_word' id='word_1_2' title='bbox 487 152 542 180; x_wconf 63' lang='grc' dir='ltr'>ΟΠ.</span> <span class='ocrx_word' id='word_1_3' title='bbox 566 151 614 176; x_wconf 83' lang='lat' dir='ltr'>XI·</span> <span class='ocrx_word' id='word_1_4' title='bbox 637 150 662 174; x_wconf 75' lang='lat'>4·</span> <span class='ocrx_word' id='word_1_5' title='bbox 729 152 850 180; x_wconf 86' lang='lat' dir='ltr'>FESTI</span> <span class='ocrx_word' id='word_1_6' title='bbox 866 153 1021 181; x_wconf 79' lang='lat' dir='ltr'><strong>FRAGM.</strong></span> <span class='ocrx_word' id='word_1_7' title='bbox 1037 154 1063 180; x_wconf 90' lang='lat' dir='ltr'>E</span> <span class='ocrx_word' id='word_1_8' title='bbox 1079 153 1170 181; x_wconf 86' lang='lat' dir='ltr'><strong>COD.</strong></span> <span class='ocrx_word' id='word_1_9' title='bbox 1187 154 1310 182; x_wconf 79' lang='lat' dir='ltr'>FARN.</span> <span class='ocrx_word' id='word_1_10' title='bbox 1329 155 1365 182; x_wconf 86' lang='lat' dir='ltr'>L.</span> <span class='ocrx_word' id='word_1_11' title='bbox 1384 154 1449 182; x_wconf 79' lang='lat' dir='ltr'>XV.</span> <span class='ocrx_word' id='word_1_12' title='bbox 1654 156 1682 178; x_wconf 73' lang='lat'>1³.</span> <span class='ocrx_word' id='word_1_13' title='bbox 1704 153 1756 178; x_wconf 51' lang='lat' dir='ltr'>ills</span> <span class='ocrx_word' id='word_1_14' title='bbox 1775 155 1813 181; x_wconf 89' lang='lat' dir='ltr'>M.</span> 
     </span>
    </p>
   </div>
   <div class='ocr_carea' id='block_1_2' title="bbox 339 973 374 998">
    <p class='ocr_par' dir='ltr' id='par_1_2' title="bbox 339 973 374 998">
     <span class='ocr_line' id='line_1_2' title="bbox 339 973 374 998; baseline -0.029 0"><span class='ocrx_word' id='word_1_15' title='bbox 339 973 374 998; x_wconf 87' lang='lat'>10</span> 
     </span>
    </p>
   </div>
   <div class='ocr_carea' id='block_1_3' title="bbox 342 1357 375 1382">
    <p class='ocr_par' dir='ltr' id='par_1_3' title="bbox 342 1357 375 1382">
     <span class='ocr_line' id='line_1_3' title="bbox 342 1357 375 1382; baseline 0.03 -1"><span class='ocrx_word' id='word_1_16' title='bbox 342 1357 375 1382; x_wconf 89' lang='grc'>15</span> 
     </span>
    </p>
   </div>
   <div class='ocr_carea' id='block_1_4' title="bbox 341 1739 378 1765">
    <p class='ocr_par' dir='ltr' id='par_1_4' title="bbox 341 1739 378 1765">
     <span class='ocr_line' id='line_1_4' title="bbox 341 1739 378 1765; baseline -0.054 0"><span class='ocrx_word' id='word_1_17' title='bbox 341 1739 378 1765; x_wconf 80' lang='lat'>20</span> 
     </span>
    </p>
   </div>
   <div class='ocr_carea' id='block_1_5' title="bbox 345 2128 380 2153">
    <p class='ocr_par' dir='ltr' id='par_1_5' title="bbox 345 2128 380 2153">
     <span class='ocr_line' id='line_1_5' title="bbox 345 2128 380 2153; baseline -0.029 0"><span class='ocrx_word' id='word_1_18' title='bbox 345 2128 380 2153; x_wconf 86' lang='lat'>25</span> 
     </span>
    </p>
   </div>
   <div class='ocr_carea' id='block_1_6' title="bbox 347 2508 382 2533">
    <p class='ocr_par' dir='ltr' id='par_1_6' title="bbox 347 2508 382 2533">
     <span class='ocr_line' id='line_1_6' title="bbox 347 2508 382 2533; baseline -0.057 0"><span class='ocrx_word' id='word_1_19' title='bbox 347 2508 382 2533; x_wconf 78' lang='lat'>30</span> 
     </span>
    </p>
   </div>
   <div class='ocr_carea' id='block_1_7' title="bbox 407 266 1802 2773">
    <p class='ocr_par' dir='ltr' id='par_1_7' title="bbox 407 266 1802 2773">
     <span class='ocr_line' id='line_1_7' title="bbox 409 266 1755 321; baseline 0.003 -14"><span class='ocrx_word' id='word_1_20' title='bbox 409 281 578 320; x_wconf 83' lang='lat' dir='ltr'>quoque</span> <span class='ocrx_word' id='word_1_21' title='bbox 611 267 653 307; x_wconf 87' lang='lat' dir='ltr'>id</span> <span class='ocrx_word' id='word_1_22' title='bbox 687 269 751 308; x_wconf 85' lang='lat' dir='ltr'>est</span> <span class='ocrx_word' id='word_1_23' title='bbox 784 266 862 307; x_wconf 87' lang='lat' dir='ltr'>deo</span> <span class='ocrx_word' id='word_1_24' title='bbox 898 267 1009 309; x_wconf 82' lang='lat' dir='ltr'>dicta</span> <span class='ocrx_word' id='word_1_25' title='bbox 1023 274 1053 316; x_wconf 77' lang='lat'>†,</span> <span class='ocrx_word' id='word_1_26' title='bbox 1078 281 1282 310; x_wconf 82' lang='lat' dir='ltr'>consume</span> <span class='ocrx_word' id='word_1_27' title='bbox 1306 272 1399 317; x_wconf 65' lang='lat' dir='ltr'>estJs</span> <span class='ocrx_word' id='word_1_28' title='bbox 1423 283 1610 321; x_wconf 75' lang='lat' dir='ltr'>necesse,</span> <span class='ocrx_word' id='word_1_29' title='bbox 1635 271 1755 311; x_wconf 78' lang='lat' dir='ltr'>cuius</span> 
     </span>
     <span class='ocr_line' id='line_1_8' title="bbox 408 343 1758 400; baseline 0.001 -15"><span class='ocrx_word' id='word_1_30' title='bbox 408 343 673 397; x_wconf 78' lang='lat' dir='ltr'>opinionem,</span> <span class='ocrx_word' id='word_1_31' title='bbox 709 357 852 397; x_wconf 91' lang='lat' dir='ltr'>neque</span> <span class='ocrx_word' id='word_1_32' title='bbox 888 345 933 385; x_wconf 87' lang='lat' dir='ltr'>in</span> <span class='ocrx_word' id='word_1_33' title='bbox 968 345 1065 395; x_wconf 80' lang='lat' dir='ltr'>hoc,</span> <span class='ocrx_word' id='word_1_34' title='bbox 1099 359 1239 398; x_wconf 90' lang='lat' dir='ltr'>neque</span> <span class='ocrx_word' id='word_1_35' title='bbox 1273 346 1317 386; x_wconf 82' lang='lat' dir='ltr'>in</span> <span class='ocrx_word' id='word_1_36' title='bbox 1340 346 1436 387; x_wconf 85' lang='lat' dir='ltr'>aliis</span> <span class='ocrx_word' id='word_1_37' title='bbox 1460 347 1758 400; x_wconf 73' lang='lat' dir='ltr'>compluribus</span> 
     </span>
     <span class='ocr_line' id='line_1_9' title="bbox 407 420 1802 476; baseline 0.004 -16"><span class='ocrx_word' id='word_1_38' title='bbox 407 420 594 461; x_wconf 83' lang='lat' dir='ltr'>refutare</span> <span class='ocrx_word' id='word_1_39' title='bbox 636 420 849 469; x_wconf 79' lang='lat' dir='ltr'>minime†</span> <span class='ocrx_word' id='word_1_40' title='bbox 894 435 1066 463; x_wconf 75' lang='lat' dir='ltr'>neeesse</span> <span class='ocrx_word' id='word_1_41' title='bbox 1110 425 1186 473; x_wconf 80' lang='lat' dir='ltr'>est,</span> <span class='ocrx_word' id='word_1_42' title='bbox 1230 436 1328 463; x_wconf 79' lang='lat' dir='ltr'>oum</span> <span class='ocrx_word' id='word_1_43' title='bbox 1370 423 1644 476; x_wconf 84' lang='lat' dir='ltr'>propositum</span> <span class='ocrx_word' id='word_1_44' title='bbox 1686 423 1759 464; x_wconf 78' lang='lat' dir='ltr'>ha·</span> <span class='ocrx_word' id='word_1_45' title='bbox 1799 462 1802 465; x_wconf 78' lang='grc'>,</span> 
     </span>
     <span class='ocr_line' id='line_1_10' title="bbox 409 498 1760 541; baseline 0.002 -3"><span class='ocrx_word' id='word_1_46' title='bbox 409 498 533 538; x_wconf 88' lang='lat' dir='ltr'>beam</span> <span class='ocrx_word' id='word_1_47' title='bbox 589 510 639 537; x_wconf 83' lang='lat' dir='ltr'>ex</span> <span class='ocrx_word' id='word_1_48' title='bbox 692 499 812 539; x_wconf 82' lang='lat' dir='ltr'>tanto</span> <span class='ocrx_word' id='word_1_49' title='bbox 863 498 1073 539; x_wconf 89' lang='lat' dir='ltr'>librorum</span> <span class='ocrx_word' id='word_1_50' title='bbox 1116 501 1208 539; x_wconf 86' lang='lat' dir='ltr'>eius</span> <span class='ocrx_word' id='word_1_51' title='bbox 1251 512 1433 540; x_wconf 84' lang='lat' dir='ltr'>numero</span> <span class='ocrx_word' id='word_1_52' title='bbox 1477 501 1760 541; x_wconf 70' lang='lat' dir='ltr'>intermortua</span> 
     </span>
     <span class='ocr_line' id='line_1_11' title="bbox 408 575 1759 630; baseline 0.003 -16"><span class='ocrx_word' id='word_1_53' title='bbox 408 575 495 615; x_wconf 87' lang='lat' dir='ltr'>iam</span> <span class='ocrx_word' id='word_1_54' title='bbox 551 577 590 615; x_wconf 87' lang='lat' dir='ltr'>et</span> <span class='ocrx_word' id='word_1_55' title='bbox 645 575 817 629; x_wconf 86' lang='lat' dir='ltr'>sepulta</span> <span class='ocrx_word' id='word_1_56' title='bbox 859 575 1004 627; x_wconf 79' lang='lat' dir='ltr'>verba,</span> <span class='ocrx_word' id='word_1_57' title='bbox 1047 578 1176 629; x_wconf 82' lang='lat' dir='ltr'>atque</span> <span class='ocrx_word' id='word_1_58' title='bbox 1220 576 1312 629; x_wconf 83' lang='lat' dir='ltr'>ipso</span> <span class='ocrx_word' id='word_1_59' title='bbox 1357 590 1468 630; x_wconf 73' lang='lat' dir='ltr'>saepe</span> <span class='ocrx_word' id='word_1_60' title='bbox 1527 579 1759 618; x_wconf 77' lang='lat' dir='ltr'>confitente</span> 
     </span>
     <span class='ocr_line' id='line_1_12' title="bbox 407 651 1761 706; baseline 0.002 -15"><span class='ocrx_word' id='word_1_61' title='bbox 407 651 574 692; x_wconf 85' lang='lat' dir='ltr'>nullius</span> <span class='ocrx_word' id='word_1_62' title='bbox 668 665 772 693; x_wconf 87' lang='lat' dir='ltr'>usus</span> <span class='ocrx_word' id='word_1_63' title='bbox 866 655 941 694; x_wconf 90' lang='lat' dir='ltr'>aut</span> <span class='ocrx_word' id='word_1_64' title='bbox 1028 652 1294 694; x_wconf 68' lang='lat' dir='ltr'>auctoritatis</span> <span class='ocrx_word' id='word_1_65' title='bbox 1387 654 1591 706; x_wconf 80' lang='lat' dir='ltr'>preterire</span> <span class='ocrx_word' id='word_1_66' title='bbox 1606 659 1637 702; x_wconf 77' lang='lat'>†,</span> <span class='ocrx_word' id='word_1_67' title='bbox 1721 658 1761 695; x_wconf 82' lang='lat' dir='ltr'>et</span> 
     </span>
     <span class='ocr_line' id='line_1_13' title="bbox 408 728 1761 783; baseline 0.001 -15"><span class='ocrx_word' id='word_1_68' title='bbox 408 728 576 781; x_wconf 87' lang='lat' dir='ltr'>reliqua</span> <span class='ocrx_word' id='word_1_69' title='bbox 671 742 801 781; x_wconf 86' lang='lat' dir='ltr'>quam</span> <span class='ocrx_word' id='word_1_70' title='bbox 898 729 1147 771; x_wconf 87' lang='lat' dir='ltr'>brevissime</span> <span class='ocrx_word' id='word_1_71' title='bbox 1230 729 1420 783; x_wconf 77' lang='lat' dir='ltr'>redigere</span> <span class='ocrx_word' id='word_1_72' title='bbox 1503 731 1549 771; x_wconf 85' lang='lat' dir='ltr'>in</span> <span class='ocrx_word' id='word_1_73' title='bbox 1631 730 1761 771; x_wconf 80' lang='lat' dir='ltr'>libros</span> 
     </span>
     <span class='ocr_line' id='line_1_14' title="bbox 410 804 1760 860; baseline 0.001 -16"><span class='ocrx_word' id='word_1_74' title='bbox 410 804 648 845; x_wconf 78' lang='lat' dir='ltr'>admodum</span> <span class='ocrx_word' id='word_1_75' title='bbox 685 818 861 858; x_wconf 79' lang='lat' dir='ltr'>paueos.</span> <span class='ocrx_word' id='word_1_76' title='bbox 901 819 951 847; x_wconf 84' lang='lat' dir='ltr'>ea</span> <span class='ocrx_word' id='word_1_77' title='bbox 989 808 1148 856; x_wconf 85' lang='lat' dir='ltr'>autem,</span> <span class='ocrx_word' id='word_1_78' title='bbox 1189 806 1239 847; x_wconf 84' lang='lat' dir='ltr'>de</span> <span class='ocrx_word' id='word_1_79' title='bbox 1274 806 1430 860; x_wconf 90' lang='lat' dir='ltr'>quibus</span> <span class='ocrx_word' id='word_1_80' title='bbox 1466 806 1684 855; x_wconf 87' lang='lat' dir='ltr'>dissentio,</span> <span class='ocrx_word' id='word_1_81' title='bbox 1721 810 1760 847; x_wconf 75' lang='lat' dir='ltr'>et</span> 
     </span>
     <span class='ocr_line' id='line_1_15' title="bbox 411 881 1762 935; baseline 0 -13"><span class='ocrx_word' id='word_1_82' title='bbox 411 885 555 935; x_wconf 81' lang='lat' dir='ltr'>aperte</span> <span class='ocrx_word' id='word_1_83' title='bbox 600 885 642 923; x_wconf 90' lang='lat' dir='ltr'>et</span> <span class='ocrx_word' id='word_1_84' title='bbox 688 881 887 932; x_wconf 85' lang='lat' dir='ltr'>breviter,</span> <span class='ocrx_word' id='word_1_85' title='bbox 934 885 980 923; x_wconf 86' lang='lat' dir='ltr'>ut</span> <span class='ocrx_word' id='word_1_86' title='bbox 1034 883 1191 932; x_wconf 80' lang='lat' dir='ltr'>sie1·o†,</span> <span class='ocrx_word' id='word_1_87' title='bbox 1242 883 1400 924; x_wconf 77' lang='lat' dir='ltr'>scribta</span> <span class='ocrx_word' id='word_1_88' title='bbox 1442 885 1488 924; x_wconf 90' lang='lat' dir='ltr'>in</span> <span class='ocrx_word' id='word_1_89' title='bbox 1531 883 1598 923; x_wconf 81' lang='lat' dir='ltr'>his</span> <span class='ocrx_word' id='word_1_90' title='bbox 1641 883 1762 923; x_wconf 67' lang='lat' dir='ltr'>libris</span> 
     </span>
     <span class='ocr_line' id='line_1_16' title="bbox 409 958 1761 1013; baseline 0.001 -15"><span class='ocrx_word' id='word_1_91' title='bbox 409 958 517 999; x_wconf 89' lang='lat' dir='ltr'>meis</span> <span class='ocrx_word' id='word_1_92' title='bbox 591 958 882 1000; x_wconf 75' lang='lat' dir='ltr'>invenientur.</span> <span class='ocrx_word' id='word_1_93' title='bbox 960 959 1259 1000; x_wconf 76' lang='lat' dir='ltr'>inscribuntur</span> <span class='ocrx_word' id='word_1_94' title='bbox 1337 959 1603 1013; x_wconf 76' lang='lat' dir='ltr'>«priscorum</span> <span class='ocrx_word' id='word_1_95' title='bbox 1672 973 1761 1000; x_wconf 83' lang='lat' dir='ltr'>ver-</span> 
     </span>
     <span class='ocr_line' id='line_1_17' title="bbox 408 1033 1763 1091; baseline 0.001 -17"><span class='ocrx_word' id='word_1_96' title='bbox 408 1034 566 1075; x_wconf 88' lang='lat' dir='ltr'>borum</span> <span class='ocrx_word' id='word_1_97' title='bbox 630 1048 727 1075; x_wconf 72' lang='lat' dir='ltr'>oum</span> <span class='ocrx_word' id='word_1_98' title='bbox 781 1036 1028 1089; x_wconf 75' lang='lat' dir='ltr'>exemplis.»</span> <span class='ocrx_word' id='word_1_99' title='bbox 1098 1033 1333 1091; x_wconf 75' lang='lat' dir='ltr'>ssPorigam</span> <span class='ocrx_word' id='word_1_100' title='bbox 1387 1035 1541 1077; x_wconf 79' lang='lat' dir='ltr'>dixisse</span> <span class='ocrx_word' id='word_1_101' title='bbox 1594 1037 1763 1089; x_wconf 80' lang='lat' dir='ltr'>antiqui</span> 
     </span>
     <span class='ocr_line' id='line_1_18' title="bbox 412 1110 1764 1166; baseline 0.001 -16"><span class='ocrx_word' id='word_1_102' title='bbox 412 1110 613 1152; x_wconf 87' lang='lat' dir='ltr'>videntur</span> <span class='ocrx_word' id='word_1_103' title='bbox 646 1124 725 1164; x_wconf 89' lang='lat' dir='ltr'>pro</span> <span class='ocrx_word' id='word_1_104' title='bbox 762 1112 995 1165; x_wconf 79' lang='lat' dir='ltr'>porrigam,</span> <span class='ocrx_word' id='word_1_105' title='bbox 1032 1116 1208 1166; x_wconf 86' lang='lat' dir='ltr'>propter</span> <span class='ocrx_word' id='word_1_106' title='bbox 1231 1125 1397 1153; x_wconf 88' lang='lat' dir='ltr'>morem</span> <span class='ocrx_word' id='word_1_107' title='bbox 1421 1125 1513 1153; x_wconf 88' lang='lat' dir='ltr'>non</span> <span class='ocrx_word' id='word_1_108' title='bbox 1536 1114 1764 1165; x_wconf 83' lang='lat' dir='ltr'>geminan-</span> 
     </span>
     <span class='ocr_line' id='line_1_19' title="bbox 411 1188 1763 1242; baseline 0.001 -14"><span class='ocrx_word' id='word_1_109' title='bbox 411 1188 564 1228; x_wconf 83' lang='lat' dir='ltr'>darum</span> <span class='ocrx_word' id='word_1_110' title='bbox 628 1188 887 1236; x_wconf 85' lang='lat' dir='ltr'>litterarum,</span> <span class='ocrx_word' id='word_1_111' title='bbox 955 1188 1080 1230; x_wconf 72' lang='lat' dir='ltr'>dueto</span> <span class='ocrx_word' id='word_1_112' title='bbox 1147 1189 1278 1230; x_wconf 87' lang='lat' dir='ltr'>verbo</span> <span class='ocrx_word' id='word_1_113' title='bbox 1344 1203 1369 1230; x_wconf 83' lang='lat' dir='ltr'>a</span> <span class='ocrx_word' id='word_1_114' title='bbox 1421 1202 1548 1242; x_wconf 91' lang='lat' dir='ltr'>porro</span> <span class='ocrx_word' id='word_1_115' title='bbox 1599 1201 1763 1241; x_wconf 84' lang='lat' dir='ltr'>regam.</span> 
     </span>
     <span class='ocr_line' id='line_1_20' title="bbox 413 1264 1764 1319; baseline 0.002 -15"><span class='ocrx_word' id='word_1_116' title='bbox 413 1267 488 1305; x_wconf 83' lang='lat' dir='ltr'>aut</span> <span class='ocrx_word' id='word_1_117' title='bbox 526 1264 590 1311; x_wconf 64' lang='lat' dir='ltr'>si³jr</span> <span class='ocrx_word' id='word_1_118' title='bbox 629 1264 671 1305; x_wconf 86' lang='lat' dir='ltr'>id</span> <span class='ocrx_word' id='word_1_119' title='bbox 709 1265 913 1305; x_wconf 80' lang='lat' dir='ltr'>frivolum</span> <span class='ocrx_word' id='word_1_120' title='bbox 950 1265 1131 1316; x_wconf 84' lang='lat' dir='ltr'>videtur,</span> <span class='ocrx_word' id='word_1_121' title='bbox 1172 1280 1270 1307; x_wconf 78' lang='lat' dir='ltr'>cum</span> <span class='ocrx_word' id='word_1_122' title='bbox 1306 1269 1451 1319; x_wconf 84' lang='lat' dir='ltr'>aperte</span> <span class='ocrx_word' id='word_1_123' title='bbox 1491 1266 1764 1319; x_wconf 53' lang='lat' dir='ltr'>ecivoreginff</span> 
     </span>
     <span class='ocr_line' id='line_1_21' title="bbox 412 1341 1761 1396; baseline 0.001 -14"><span class='ocrx_word' id='word_1_124' title='bbox 412 1343 598 1382; x_wconf 73' lang='lat' dir='ltr'>tractum</span> <span class='ocrx_word' id='word_1_125' title='bbox 621 1343 687 1381; x_wconf 85' lang='lat' dir='ltr'>sit.</span> <span class='ocrx_word' id='word_1_126' title='bbox 714 1341 787 1381; x_wconf 84' lang='lat' dir='ltr'>sed</span> <span class='ocrx_word' id='word_1_127' title='bbox 812 1341 981 1394; x_wconf 77' lang='lat' dir='ltr'>antiqui</span> <span class='ocrx_word' id='word_1_128' title='bbox 1000 1342 1131 1382; x_wconf 85' lang='lat' dir='ltr'>etiam</span> <span class='ocrx_word' id='word_1_129' title='bbox 1149 1355 1329 1396; x_wconf 83' lang='lat' dir='ltr'>porgam</span> <span class='ocrx_word' id='word_1_130' title='bbox 1347 1342 1549 1383; x_wconf 83' lang='lat' dir='ltr'>dixerunt</span> <span class='ocrx_word' id='word_1_131' title='bbox 1567 1355 1645 1395; x_wconf 91' lang='lat' dir='ltr'>pro</span> <span class='ocrx_word' id='word_1_132' title='bbox 1664 1355 1761 1395; x_wconf 89' lang='lat' dir='ltr'>por-</span> 
     </span>
     <span class='ocr_line' id='line_1_22' title="bbox 413 1415 1765 1473; baseline -0.001 -16"><span class='ocrx_word' id='word_1_133' title='bbox 413 1418 562 1470; x_wconf 79' lang='lat' dir='ltr'>rigam.</span> <span class='ocrx_word' id='word_1_134' title='bbox 616 1415 634 1473; x_wconf 86' lang='grc' dir='ltr'>ΙΙ</span> <span class='ocrx_word' id='word_1_135' title='bbox 649 1417 794 1458; x_wconf 66' lang='lat' dir='ltr'>Porew</span> <span class='ocrx_word' id='word_1_136' title='bbox 830 1418 1112 1471; x_wconf 82' lang='lat' dir='ltr'>appellantur</span> <span class='ocrx_word' id='word_1_137' title='bbox 1145 1421 1233 1459; x_wconf 85' lang='lat' dir='ltr'>rari</span> <span class='ocrx_word' id='word_1_138' title='bbox 1270 1418 1390 1468; x_wconf 71' lang='lat' dir='ltr'>sulci,</span> <span class='ocrx_word' id='word_1_139' title='bbox 1426 1418 1497 1472; x_wconf 89' lang='lat' dir='ltr'>qui</span> <span class='ocrx_word' id='word_1_140' title='bbox 1532 1418 1765 1459; x_wconf 57' lang='lat' dir='ltr'>dimmtum</span> 
     </span>
     <span class='ocr_line' id='line_1_23' title="bbox 414 1494 1763 1549; baseline 0 -14"><span class='ocrx_word' id='word_1_141' title='bbox 414 1507 537 1547; x_wconf 83' lang='lat' dir='ltr'>aquae</span> <span class='ocrx_word' id='word_1_142' title='bbox 580 1494 823 1535; x_wconf 62' lang='lat' dir='ltr'>derivandae</span> <span class='ocrx_word' id='word_1_143' title='bbox 870 1497 1023 1547; x_wconf 81' lang='lat' dir='ltr'>gratia,</span> <span class='ocrx_word' id='word_1_144' title='bbox 1078 1495 1178 1535; x_wconf 80' lang='lat' dir='ltr'>dieti</span> <span class='ocrx_word' id='word_1_145' title='bbox 1224 1495 1339 1548; x_wconf 90' lang='lat' dir='ltr'>quod</span> <span class='ocrx_word' id='word_1_146' title='bbox 1382 1498 1575 1549; x_wconf 76' lang='lat' dir='ltr'>percant,</span> <span class='ocrx_word' id='word_1_147' title='bbox 1619 1495 1661 1535; x_wconf 92' lang='lat' dir='ltr'>id</span> <span class='ocrx_word' id='word_1_148' title='bbox 1701 1499 1763 1536; x_wconf 87' lang='lat' dir='ltr'>est</span> 
     </span>
     <span class='ocr_line' id='line_1_24' title="bbox 414 1570 1762 1625; baseline 0.002 -15"><span class='ocrx_word' id='word_1_149' title='bbox 414 1570 672 1623; x_wconf 77' lang='lat' dir='ltr'>prohibent†</span> <span class='ocrx_word' id='word_1_150' title='bbox 728 1585 887 1625; x_wconf 83' lang='lat' dir='ltr'>aquam</span> <span class='ocrx_word' id='word_1_151' title='bbox 931 1572 1160 1613; x_wconf 82' lang='lat' dir='ltr'>frumentis</span> <span class='ocrx_word' id='word_1_152' title='bbox 1203 1585 1384 1613; x_wconf 78' lang='lat' dir='ltr'>nocere:</span> <span class='ocrx_word' id='word_1_153' title='bbox 1428 1585 1533 1612; x_wconf 88' lang='lat' dir='ltr'>nam</span> <span class='ocrx_word' id='word_1_154' title='bbox 1577 1572 1762 1613; x_wconf 77' lang='lat' dir='ltr'>crebrio-</span> 
     </span>
     <span class='ocr_line' id='line_1_25' title="bbox 413 1646 1760 1704; baseline 0.001 -17"><span class='ocrx_word' id='word_1_155' title='bbox 413 1661 479 1687; x_wconf 85' lang='lat' dir='ltr'>res</span> <span class='ocrx_word' id='word_1_156' title='bbox 543 1647 652 1688; x_wconf 78' lang='lat' dir='ltr'>sulci</span> <span class='ocrx_word' id='word_1_157' title='bbox 705 1648 830 1688; x_wconf 56' lang='lat' dir='ltr'>limiJ‘r</span> <span class='ocrx_word' id='word_1_158' title='bbox 884 1652 1102 1690; x_wconf 77' lang='lat' dir='ltr'>vocantur.</span> <span class='ocrx_word' id='word_1_159' title='bbox 1158 1646 1176 1704; x_wconf 80' lang='grc' dir='ltr'>Η</span> <span class='ocrx_word' id='word_1_160' title='bbox 1192 1649 1290 1690; x_wconf 88' lang='lat' dir='ltr'>Post</span> <span class='ocrx_word' id='word_1_161' title='bbox 1322 1649 1582 1695; x_wconf 73' lang='lat' dir='ltr'>liminium†</span> <span class='ocrx_word' id='word_1_162' title='bbox 1614 1661 1760 1701; x_wconf 72' lang='lat' dir='ltr'>recep-</span> 
     </span>
     <span class='ocr_line' id='line_1_26' title="bbox 412 1724 1764 1778; baseline 0.001 -14"><span class='ocrx_word' id='word_1_163' title='bbox 412 1726 518 1774; x_wconf 86' lang='lat' dir='ltr'>tum,</span> <span class='ocrx_word' id='word_1_164' title='bbox 565 1724 771 1771; x_wconf 52' lang='lat' dir='ltr'>Galliusw}</span> <span class='ocrx_word' id='word_1_165' title='bbox 816 1725 964 1766; x_wconf 84' lang='lat' dir='ltr'>Aelius</span> <span class='ocrx_word' id='word_1_166' title='bbox 1029 1727 1075 1765; x_wconf 91' lang='lat' dir='ltr'>in</span> <span class='ocrx_word' id='word_1_167' title='bbox 1128 1725 1238 1766; x_wconf 83' lang='lat' dir='ltr'>libro</span> <span class='ocrx_word' id='word_1_168' title='bbox 1291 1725 1433 1778; x_wconf 86' lang='lat' dir='ltr'>primo</span> <span class='ocrx_word' id='word_1_169' title='bbox 1488 1724 1764 1777; x_wconf 79' lang='lat' dir='ltr'>significatio-</span> 
     </span>
     <span class='ocr_line' id='line_1_27' title="bbox 413 1800 1764 1855; baseline 0 -13"><span class='ocrx_word' id='word_1_170' title='bbox 413 1816 532 1851; x_wconf 86' lang='lat' dir='ltr'>num,</span> <span class='ocrx_word' id='word_1_171' title='bbox 584 1816 678 1855; x_wconf 70' lang='lat' dir='ltr'>quae</span> <span class='ocrx_word' id='word_1_172' title='bbox 714 1801 768 1842; x_wconf 84' lang='lat' dir='ltr'>ad</span> <span class='ocrx_word' id='word_1_173' title='bbox 802 1803 870 1842; x_wconf 86' lang='lat' dir='ltr'>ius</span> <span class='ocrx_word' id='word_1_174' title='bbox 905 1804 1141 1855; x_wconf 85' lang='lat' dir='ltr'>pertinent,</span> <span class='ocrx_word' id='word_1_175' title='bbox 1178 1803 1237 1843; x_wconf 83' lang='lat' dir='ltr'>ait</span> <span class='ocrx_word' id='word_1_176' title='bbox 1273 1815 1363 1843; x_wconf 78' lang='lat' dir='ltr'>esse</span> <span class='ocrx_word' id='word_1_177' title='bbox 1399 1815 1514 1852; x_wconf 89' lang='lat' dir='ltr'>eum,</span> <span class='ocrx_word' id='word_1_178' title='bbox 1545 1800 1618 1854; x_wconf 87' lang='lat' dir='ltr'>qui</span> <span class='ocrx_word' id='word_1_179' title='bbox 1641 1801 1764 1849; x_wconf 87' lang='lat' dir='ltr'>liber,</span> 
     </span>
     <span class='ocr_line' id='line_1_28' title="bbox 415 1878 1765 1932; baseline 0 -13"><span class='ocrx_word' id='word_1_180' title='bbox 415 1892 464 1919; x_wconf 77' lang='lat' dir='ltr'>ex</span> <span class='ocrx_word' id='word_1_181' title='bbox 547 1893 629 1932; x_wconf 80' lang='lat' dir='ltr'>qua</span> <span class='ocrx_word' id='word_1_182' title='bbox 712 1879 882 1920; x_wconf 72' lang='lat' dir='ltr'>civitate</span> <span class='ocrx_word' id='word_1_183' title='bbox 966 1879 1011 1919; x_wconf 93' lang='lat' dir='ltr'>in</span> <span class='ocrx_word' id='word_1_184' title='bbox 1093 1879 1223 1920; x_wconf 81' lang='lat' dir='ltr'>aliam</span> <span class='ocrx_word' id='word_1_185' title='bbox 1298 1880 1516 1920; x_wconf 74' lang='lat' dir='ltr'>civitatem</span> <span class='ocrx_word' id='word_1_186' title='bbox 1589 1878 1765 1925; x_wconf 80' lang='lat' dir='ltr'>abierat,</span> 
     </span>
     <span class='ocr_line' id='line_1_29' title="bbox 415 1954 1764 2008; baseline -0.001 -12"><span class='ocrx_word' id='word_1_187' title='bbox 415 1955 460 1996; x_wconf 86' lang='lat' dir='ltr'>in</span> <span class='ocrx_word' id='word_1_188' title='bbox 498 1955 682 1997; x_wconf 82' lang='lat' dir='ltr'>eandem</span> <span class='ocrx_word' id='word_1_189' title='bbox 722 1956 939 1997; x_wconf 75' lang='lat' dir='ltr'>civitatem</span> <span class='ocrx_word' id='word_1_190' title='bbox 977 1955 1087 1996; x_wconf 87' lang='lat' dir='ltr'>redit</span> <span class='ocrx_word' id='word_1_191' title='bbox 1124 1970 1172 1997; x_wconf 91' lang='lat' dir='ltr'>eo</span> <span class='ocrx_word' id='word_1_192' title='bbox 1210 1957 1318 2005; x_wconf 85' lang='lat' dir='ltr'>iure,</span> <span class='ocrx_word' id='word_1_193' title='bbox 1342 1954 1457 2008; x_wconf 90' lang='lat' dir='ltr'>quod</span> <span class='ocrx_word' id='word_1_194' title='bbox 1480 1954 1764 1996; x_wconf 76' lang='lat' dir='ltr'>constitutum</span> 
     </span>
     <span class='ocr_line' id='line_1_30' title="bbox 416 2031 1763 2085; baseline -0.002 -12"><span class='ocrx_word' id='word_1_195' title='bbox 416 2034 478 2073; x_wconf 84' lang='lat' dir='ltr'>est</span> <span class='ocrx_word' id='word_1_196' title='bbox 513 2032 564 2073; x_wconf 82' lang='lat' dir='ltr'>de</span> <span class='ocrx_word' id='word_1_197' title='bbox 599 2035 695 2085; x_wconf 79' lang='lat' dir='ltr'>post</span> <span class='ocrx_word' id='word_1_198' title='bbox 717 2032 939 2075; x_wconf 73' lang='lat' dir='ltr'>li1ninis†:</span> <span class='ocrx_word' id='word_1_199' title='bbox 965 2033 1187 2085; x_wconf 45' lang='lat' dir='ltr'>itemquessL</span> <span class='ocrx_word' id='word_1_200' title='bbox 1223 2045 1367 2073; x_wconf 80' lang='lat' dir='ltr'>servos</span> <span class='ocrx_word' id='word_1_201' title='bbox 1391 2045 1416 2072; x_wconf 84' lang='lat' dir='ltr'>a</span> <span class='ocrx_word' id='word_1_202' title='bbox 1445 2031 1571 2072; x_wconf 85' lang='lat' dir='ltr'>nobis</span> <span class='ocrx_word' id='word_1_203' title='bbox 1595 2031 1639 2070; x_wconf 91' lang='lat' dir='ltr'>in</span> <span class='ocrx_word' id='word_1_204' title='bbox 1665 2031 1763 2071; x_wconf 86' lang='lat' dir='ltr'>hos-</span> 
     </span>
     <span class='ocr_line' id='line_1_31' title="bbox 415 2106 1766 2162; baseline -0.001 -14"><span class='ocrx_word' id='word_1_205' title='bbox 415 2108 523 2149; x_wconf 89' lang='lat' dir='ltr'>tium</span> <span class='ocrx_word' id='word_1_206' title='bbox 586 2111 845 2162; x_wconf 84' lang='lat' dir='ltr'>potestatem</span> <span class='ocrx_word' id='word_1_207' title='bbox 922 2108 1129 2162; x_wconf 81' lang='lat' dir='ltr'>pervenit,</span> <span class='ocrx_word' id='word_1_208' title='bbox 1192 2110 1342 2161; x_wconf 80' lang='lat' dir='ltr'>postea</span> <span class='ocrx_word' id='word_1_209' title='bbox 1406 2107 1459 2149; x_wconf 90' lang='lat' dir='ltr'>ad</span> <span class='ocrx_word' id='word_1_210' title='bbox 1516 2120 1597 2148; x_wconf 85' lang='lat' dir='ltr'>nos</span> <span class='ocrx_word' id='word_1_211' title='bbox 1656 2106 1766 2147; x_wconf 86' lang='lat' dir='ltr'>redit</span> 
     </span>
     <span class='ocr_line' id='line_1_32' title="bbox 415 2185 1763 2238; baseline -0.003 -12"><span class='ocrx_word' id='word_1_212' title='bbox 415 2186 460 2226; x_wconf 93' lang='lat' dir='ltr'>in</span> <span class='ocrx_word' id='word_1_213' title='bbox 523 2186 614 2226; x_wconf 61' lang='lat' dir='ltr'>eius</span> <span class='ocrx_word' id='word_1_214' title='bbox 678 2188 949 2238; x_wconf 83' lang='lat' dir='ltr'>potestatem,</span> <span class='ocrx_word' id='word_1_215' title='bbox 1009 2187 1130 2225; x_wconf 74' lang='lat' dir='ltr'>ouius</span> <span class='ocrx_word' id='word_1_216' title='bbox 1189 2188 1320 2226; x_wconf 80' lang='lat' dir='ltr'>antea</span> <span class='ocrx_word' id='word_1_217' title='bbox 1377 2185 1470 2234; x_wconf 84' lang='lat' dir='ltr'>fuit,</span> <span class='ocrx_word' id='word_1_218' title='bbox 1516 2185 1607 2224; x_wconf 84' lang='lat' dir='ltr'>iure</span> <span class='ocrx_word' id='word_1_219' title='bbox 1665 2187 1763 2236; x_wconf 77' lang='lat' dir='ltr'>post</span> 
     </span>
     <span class='ocr_line' id='line_1_33' title="bbox 414 2260 1766 2315; baseline -0.002 -13"><span class='ocrx_word' id='word_1_220' title='bbox 414 2262 569 2303; x_wconf 78' lang='lat' dir='ltr'>limini.</span> <span class='ocrx_word' id='word_1_221' title='bbox 629 2263 729 2315; x_wconf 89' lang='lat' dir='ltr'>equi</span> <span class='ocrx_word' id='word_1_222' title='bbox 786 2265 826 2302; x_wconf 86' lang='lat' dir='ltr'>et</span> <span class='ocrx_word' id='word_1_223' title='bbox 879 2263 987 2303; x_wconf 88' lang='lat' dir='ltr'>muli</span> <span class='ocrx_word' id='word_1_224' title='bbox 1048 2266 1089 2302; x_wconf 85' lang='lat' dir='ltr'>et</span> <span class='ocrx_word' id='word_1_225' title='bbox 1146 2263 1270 2301; x_wconf 83' lang='lat' dir='ltr'>navis</span> <span class='ocrx_word' id='word_1_226' title='bbox 1329 2260 1479 2302; x_wconf 75' lang='lat' dir='ltr'>eadem</span> <span class='ocrx_word' id='word_1_227' title='bbox 1538 2260 1646 2302; x_wconf 84' lang='lat' dir='ltr'>ratio</span> <span class='ocrx_word' id='word_1_228' title='bbox 1704 2262 1766 2300; x_wconf 82' lang='lat' dir='ltr'>est</span> 
     </span>
     <span class='ocr_line' id='line_1_34' title="bbox 416 2337 1764 2392; baseline -0.003 -13"><span class='ocrx_word' id='word_1_229' title='bbox 416 2341 511 2392; x_wconf 87' lang='lat' dir='ltr'>post</span> <span class='ocrx_word' id='word_1_230' title='bbox 548 2339 798 2386; x_wconf 67' lang='lat' dir='ltr'>liminium†</span> <span class='ocrx_word' id='word_1_231' title='bbox 835 2339 1046 2392; x_wconf 79' lang='lat' dir='ltr'>reeiptum</span> <span class='ocrx_word' id='word_1_232' title='bbox 1070 2338 1135 2385; x_wconf 58' lang='lat' dir='ltr'>is1s</span> <span class='ocrx_word' id='word_1_233' title='bbox 1172 2352 1265 2390; x_wconf 83' lang='lat' dir='ltr'>quae</span> <span class='ocrx_word' id='word_1_234' title='bbox 1303 2337 1449 2384; x_wconf 61' lang='lat' dir='ltr'>sirviJr.</span> <span class='ocrx_word' id='word_1_235' title='bbox 1490 2350 1584 2390; x_wconf 66' lang='lat' dir='ltr'>quw</span> <span class='ocrx_word' id='word_1_236' title='bbox 1607 2349 1764 2389; x_wconf 71' lang='lat' dir='ltr'>genera</span> 
     </span>
     <span class='ocr_line' id='line_1_35' title="bbox 415 2413 1800 2469; baseline -0.002 -14"><span class='ocrx_word' id='word_1_237' title='bbox 415 2429 560 2456; x_wconf 88' lang='lat' dir='ltr'>rerum</span> <span class='ocrx_word' id='word_1_238' title='bbox 610 2415 663 2455; x_wconf 85' lang='lat' dir='ltr'>ab</span> <span class='ocrx_word' id='word_1_239' title='bbox 708 2415 903 2456; x_wconf 83' lang='lat' dir='ltr'>hostibus</span> <span class='ocrx_word' id='word_1_240' title='bbox 946 2416 999 2457; x_wconf 84' lang='lat' dir='ltr'>ad</span> <span class='ocrx_word' id='word_1_241' title='bbox 1041 2429 1119 2456; x_wconf 88' lang='lat' dir='ltr'>nos</span> <span class='ocrx_word' id='word_1_242' title='bbox 1152 2418 1250 2469; x_wconf 78' lang='lat' dir='ltr'>post</span> <span class='ocrx_word' id='word_1_243' title='bbox 1282 2415 1534 2461; x_wconf 78' lang='lat' dir='ltr'>limini11m†</span> <span class='ocrx_word' id='word_1_244' title='bbox 1567 2413 1766 2460; x_wconf 87' lang='lat' dir='ltr'>redeunt,</span> <span class='ocrx_word' id='word_1_245' title='bbox 1797 2468 1800 2469; x_wconf 12' lang='grc' dir='ltr'><em>γ</em></span> 
     </span>
     <span class='ocr_line' id='line_1_36' title="bbox 417 2489 1767 2544; baseline -0.004 -11"><span class='ocrx_word' id='word_1_246' title='bbox 417 2491 567 2533; x_wconf 85' lang='lat' dir='ltr'>eadem</span> <span class='ocrx_word' id='word_1_247' title='bbox 619 2505 780 2544; x_wconf 83' lang='lat' dir='ltr'>genera</span> <span class='ocrx_word' id='word_1_248' title='bbox 820 2505 967 2532; x_wconf 85' lang='lat' dir='ltr'>rerum</span> <span class='ocrx_word' id='word_1_249' title='bbox 982 2497 998 2538; x_wconf 59' lang='grc' dir='ltr'>-κ</span> <span class='ocrx_word' id='word_1_250' title='bbox 1031 2492 1157 2532; x_wconf 85' lang='lat' dir='ltr'>nobis</span> <span class='ocrx_word' id='word_1_251' title='bbox 1210 2491 1263 2531; x_wconf 83' lang='lat' dir='ltr'>ad</span> <span class='ocrx_word' id='word_1_252' title='bbox 1307 2491 1443 2531; x_wconf 86' lang='lat' dir='ltr'>hostis</span> <span class='ocrx_word' id='word_1_253' title='bbox 1486 2489 1624 2530; x_wconf 84' lang='lat' dir='ltr'>redire</span> <span class='ocrx_word' id='word_1_254' title='bbox 1668 2502 1767 2542; x_wconf 70' lang='lat' dir='ltr'>pos-</span> 
     </span>
     <span class='ocr_line' id='line_1_37' title="bbox 419 2566 1764 2621; baseline -0.002 -13"><span class='ocrx_word' id='word_1_255' title='bbox 419 2571 532 2608; x_wconf 81' lang='lat' dir='ltr'>sunt.</span> <span class='ocrx_word' id='word_1_256' title='bbox 572 2582 669 2608; x_wconf 55' lang='lat' dir='ltr'>(rum</span> <span class='ocrx_word' id='word_1_257' title='bbox 706 2568 879 2621; x_wconf 77' lang='lat' dir='ltr'>populis</span> <span class='ocrx_word' id='word_1_258' title='bbox 918 2568 1065 2608; x_wconf 86' lang='lat' dir='ltr'>liberis</span> <span class='ocrx_word' id='word_1_259' title='bbox 1102 2570 1144 2607; x_wconf 71' lang='lat' dir='ltr'>et</span> <span class='ocrx_word' id='word_1_260' title='bbox 1181 2580 1280 2607; x_wconf 79' lang='lat' dir='ltr'>eum</span> <span class='ocrx_word' id='word_1_261' title='bbox 1310 2566 1529 2607; x_wconf 82' lang='lat' dir='ltr'>foederatis</span> <span class='ocrx_word' id='word_1_262' title='bbox 1584 2568 1626 2606; x_wconf 88' lang='lat' dir='ltr'>et</span> <span class='ocrx_word' id='word_1_263' title='bbox 1669 2578 1764 2605; x_wconf 75' lang='lat' dir='ltr'>cum</span> 
     </span>
     <span class='ocr_line' id='line_1_38' title="bbox 419 2641 1765 2697; baseline -0.001 -13"><span class='ocrx_word' id='word_1_264' title='bbox 419 2644 590 2696; x_wconf 79' lang='lat' dir='ltr'>regibus</span> <span class='ocrx_word' id='word_1_265' title='bbox 613 2648 710 2697; x_wconf 90' lang='lat' dir='ltr'>post</span> <span class='ocrx_word' id='word_1_266' title='bbox 732 2644 986 2691; x_wconf 79' lang='lat' dir='ltr'>liminium†</span> <span class='ocrx_word' id='word_1_267' title='bbox 1009 2643 1136 2684; x_wconf 76' lang='lat' dir='ltr'>nobis</span> <span class='ocrx_word' id='word_1_268' title='bbox 1160 2646 1222 2684; x_wconf 88' lang='lat' dir='ltr'>est</span> <span class='ocrx_word' id='word_1_269' title='bbox 1244 2643 1315 2691; x_wconf 78' lang='lat' dir='ltr'>ita,</span> <span class='ocrx_word' id='word_1_270' title='bbox 1345 2643 1409 2683; x_wconf 81' lang='lat' dir='ltr'>uti</span> <span class='ocrx_word' id='word_1_271' title='bbox 1433 2656 1531 2683; x_wconf 82' lang='lat' dir='ltr'>eum</span> <span class='ocrx_word' id='word_1_272' title='bbox 1555 2641 1765 2682; x_wconf 82' lang='lat' dir='ltr'>hostibus.</span> 
     </span>
     <span class='ocr_line' id='line_1_39' title="bbox 421 2716 1766 2773; baseline -0.004 -12"><span class='ocrx_word' id='word_1_273' title='bbox 421 2734 514 2773; x_wconf 82' lang='lat' dir='ltr'>quae</span> <span class='ocrx_word' id='word_1_274' title='bbox 569 2722 769 2761; x_wconf 83' lang='lat' dir='ltr'>nationes</span> <span class='ocrx_word' id='word_1_275' title='bbox 822 2720 868 2760; x_wconf 89' lang='lat' dir='ltr'>in</span> <span class='ocrx_word' id='word_1_276' title='bbox 911 2720 1116 2773; x_wconf 86' lang='lat' dir='ltr'>opinione</span> <span class='ocrx_word' id='word_1_277' title='bbox 1133 2725 1150 2767; x_wconf 55' lang='grc' dir='ltr'>ἢ·</span> <span class='ocrx_word' id='word_1_278' title='bbox 1194 2721 1339 2759; x_wconf 79' lang='lat' dir='ltr'>nostra</span> <span class='ocrx_word' id='word_1_279' title='bbox 1384 2720 1499 2765; x_wconf 89' lang='lat' dir='ltr'>sunt,</span> <span class='ocrx_word' id='word_1_280' title='bbox 1543 2730 1641 2758; x_wconf 84' lang='lat' dir='ltr'>cum</span> <span class='ocrx_word' id='word_1_281' title='bbox 1700 2716 1766 2756; x_wconf 81' lang='lat' dir='ltr'>his</span> 
     </span>
    </p>
   </div>
  </div>
 </body>
</html>
