2072 3222
354 145 408 184 86
672 156 795 184 PAULI
818 156 1035 183 EXCERPTA.
1056 156 1111 183 EX
1132 156 1216 184 LIB.
1240 156 1363 183 POMP.
1388 155 1509 183 FESTI
1695 152 1833 179 izo-121

353 271 698 313 Luculentus
721 285 745 312 a
768 271 863 312 luce
887 271 1146 325 appellatus.

353 342 502 383 Lues
539 350 600 383 est
634 341 805 383 diluens
842 355 976 395 usque
1012 341 1066 383 ad
1089 341 1215 391 nihil,
1249 344 1435 383 tractum
1471 356 1495 383 a
1531 340 1680 383 Graeco
1716 343 1837 383 λύειν.

411 413 525 454 Hinc
550 412 712 453 dictum
745 410 882 454 lutum
905 415 1020 454 terra
1055 413 1240 454 humore
1264 413 1418 462 soluta,
1456 415 1496 454 et
1520 409 1729 462 lustratio,
1756 426 1838 466 qua

412 482 514 536 quid
538 483 716 524 solvitiu·
738 496 786 524 ac
810 482 1034 524 liberatur.
1058 482 1174 523 Hinc
1199 485 1240 524 et
1262 484 1385 537 λύτρα
1410 481 1486 524 ἀπὸ
1509 490 1580 538 τῆς
1604 484 1773 529 λύσεως,
1797 482 1839 523 id

314 573 328 595 5
414 556 478 594 est
501 553 720 594 solutione
744 554 850 594 auri.
873 553 1003 607 Λίτρα
1027 554 1145 594 enim
1167 554 1276 594 libra
1299 556 1374 595 est.

352 624 562 665 Luctus
587 626 626 664 et
648 623 838 675 lugere
863 638 887 665 a
911 623 1061 665 Graeco
1084 624 1317 666 trahuntur
1345 626 1479 666 λυπεῖν
1515 625 1579 665 vel
1607 623 1838 665 &kumei-ff.

352 694 715 746 Longitrosus
739 695 797 735 sic
816 694 983 744 dicitur,
1008 695 1116 736 sicut
1139 695 1374 744 dextrosus,
1399 696 1659 737 sinistrosus.

352 765 555 806 Lustra
577 764 852 818 significant*
877 765 1058 806 lacunas
1072 765 1248 814 lutosas,
1274 780 1366 819 quae
1390 768 1490 807 sunt
1511 766 1557 806 in
1575 766 1689 807 silvis
1712 779 1837 819 apro—

410 850 508 876 rum
532 835 705 877 cubilia.
736 835 799 876 A*
823 850 906 890 qua
929 836 1211 878 similitudine
1235 837 1293 885 hi,
1329 837 1400 890 qui
1422 837 1468 877 in
1490 837 1597 878 locis
1620 836 1775 878 abditis
1799 839 1839 878 et

294 924 328 948 ιο
412 906 595 948 sordidis
619 907 760 948 ventri
784 910 825 948 et
849 907 1021 949 desidiae
1046 920 1225 961 operam
1249 907 1367 956 dant,
1393 906 1596 949 dicuntur
1612 908 1657 948 in
1680 908 1838 953 lustris,

411 978 542 1018 vitam
565 990 704 1030 agere.
741 977 796 1018 Et
819 991 917 1018 cum
942 977 1134 1019 eiusdem
1157 978 1359 1019 vocabuli
1388 978 1530 1032 prima
1552 978 1722 1031 syllaba
1743 991 1839 1031 pro-

412 1048 593 1096 ducitur,
619 1048 833 1101 significat
848 1062 964 1090 nunc
988 1051 1162 1102 tempus
1177 1048 1515 1102 quinquennale,
1541 1061 1661 1089 nunc
1684 1048 1838 1102 populi

412 1119 728 1160 lustrationem.

296 1234 297 1246 2
352 1188 624 1241 Lymphae
660 1189 782 1230 dictae
819 1193 919 1231 sunt
950 1204 974 1231 a
1008 1190 1228 1244 nymphis.
1266 1190 1405 1244 Vulgo
1439 1194 1585 1231 autem
1619 1190 1835 1231 memorias

288 1250 328 1330 fu.
412 1259 632 1313 proditum
657 1264 730 1307 est,
754 1261 1011 1314 quicumque
1034 1262 1220 1314 speciem
1244 1260 1463 1314 quandam
1497 1274 1518 1301 e
1541 1261 1673 1310 fonte,
1710 1260 1753 1301 id
1776 1264 1838 1301 est

412 1330 599 1384 effigiem
615 1331 834 1385 nymphae,
859 1331 1059 1381 viderint,
1084 1331 1255 1373 fruendi
1277 1345 1368 1373 non
1382 1332 1531 1373 fecisse
1549 1331 1708 1380 finem;
1732 1345 1837 1385 quos

412 1400 551 1442 Graeci
584 1403 889 1458 νυμφολήπτους
914 1405 1081 1448 vocant,
1118 1402 1262 1444 Latini
1296 1399 1575 1458 lymphaticos
1598 1402 1835 1457 appellant.

352 1472 644 1513 Luxantur
666 1486 689 1513 a
713 1473 816 1514 luxu
840 1472 1016 1520 dictum,
1039 1473 1082 1513 id
1105 1476 1169 1514 est
1191 1473 1477 1514 luxuriantur.

351 1543 531 1583 Luma
553 1557 689 1596 genus
712 1543 856 1584 herba}
880 1544 947 1584 vel
969 1544 1113 1597 potius
1136 1544 1284 1597 spinae.

292 1630 327 1654 20
352 1613 640 1665 Lumbago
664 1614 815 1655 vitium
839 1617 880 1656 et
902 1615 1099 1656 debilitas
1122 1614 1385 1656 lumborum.

352 1684 600 1725 Luscitio
624 1685 775 1726 vitium
799 1686 1040 1735 oculorum,
1068 1685 1183 1739 quod
1206 1685 1362 1726 clarius
1385 1686 1565 1739 vesperi,
1591 1698 1720 1738 quam
1744 1697 1832 1724 me-

410 1755 515 1796 ridie
540 1756 688 1796 cernit.

352 1825 514 1875 Lura,
541 1839 588 1866 os
612 1825 755 1873 cullei,
780 1826 847 1866 vel
872 1827 1000 1867 etiam
1024 1827 1155 1873 utris3
1180 1826 1296 1867 unde
1320 1824 1510 1869 lurcones
1533 1827 1701 1879 capacis
1724 1825 1833 1879 gulae

410 1896 615 1937 homines
639 1899 679 1937 et
701 1896 918 1937 bonorum
941 1909 1118 1937 suorum
1142 1899 1487 1950 consumptores.

292 1983 326 2007 25
350 1966 593 2007 Lustrici
628 1966 718 2007 dies
752 1966 988 2008 infantium
1023 1967 1329 2020 appellantur,
1364 1967 1610 2021 puellarum
1647 1970 1834 2015 octavus,

411 2050 646 2089 puerorum
681 2050 840 2087 nonus,
877 2039 975 2091 quia
1014 2037 1079 2078 his
1118 2037 1357 2079 lustrantur
1394 2040 1519 2091 atque
1558 2039 1617 2078 eis
1655 2038 1835 2078 nomina

410 2107 696 2160 inponuntur.

352 2175 545 2217 Luridj
571 2191 699 2230 supra
723 2177 903 2218 modum
926 2177 1091 2230 pallidi.

352 2247 725 2299 Lyrnesiades
748 2248 802 2289 ab
827 2247 986 2302 oppido
1010 2248 1204 2301 Phrygiae
1229 2249 1425 2302 Lyrneso
1448 2249 1551 2290 dicti
1572 2255 1601 2295 †.

292 2335 328 2359 30
352 2317 654 2359 Loebesum
677 2321 718 2359 et
748 2318 1103 2359 loebertatem
1137 2320 1303 2372 antiqui
1338 2318 1540 2360 dicebant
1572 2319 1761 2360 liberum
1794 2321 1834 2359 et
1857 2331 1904 2364 121

411 2388 670 2430 libertatem.
696 2389 759 2430 Ita
783 2388 921 2430 Graeci
943 2391 1082 2445 λοιβὴν
1107 2392 1148 2429 et
1170 2391 1330 2443 λείβειν.

352 2457 679 2510 Lycophos*
711 2458 849 2500 Graeci
873 2459 1033 2508 dicunt,
1058 2459 1171 2513 quod
1193 2473 1273 2500 nos
1303 2462 1495 2513 primum
1520 2462 1690 2513 tempus
1714 2460 1819 2500 lucis

413 2529 589 2569 Dictum
613 2532 759 2570 autem
788 2530 1040 2584 lycophos*,
1075 2531 1196 2583 quasi
1219 2532 1361 2571 λευκὸν
1386 2538 1483 2586 φῶς,
1518 2529 1562 2570 id
1586 2532 1647 2571 est
1682 2530 1833 2570 lumen

412 2598 661 2641 candidum.

298 2688 332 2712 35
361 2668 660 2711 Libertatis
683 2671 898 2724 templum
921 2672 967 2711 in
990 2671 1204 2712 Aventino
1228 2671 1366 2712 fuerat
1389 2673 1699 2712 constructum.

353 2738 568 2790 Lingua
592 2754 681 2780 non
705 2740 847 2781 solum
869 2754 970 2794 pars-2
994 2741 1184 2794 corporis
1203 2741 1370 2788 dicitur,
1395 2740 1469 2782 sed
1487 2741 1615 2782 etiam
1634 2740 1832 2782 differen-
