2072 3222
310 132 393 174 :292
457 146 514 175 QU.
531 145 597 169 ΧΠ.
614 143 639 169 1.
727 145 849 173 FESTI
863 145 1019 173 FRAGM.
1034 145 1062 171 Ε
1076 145 1168 172 COD.
1183 145 1307 173 FARN.
1324 146 1362 172 L.
1378 145 1460 172 XVI.
1644 145 1676 169 P.
1690 143 1743 169 233
1757 143 1797 169 M.

329 585 343 608 5

307 962 341 987 10

307 1351 340 1375 15

306 1731 341 1755 20

305 2497 340 2521 3η

379 274 501 302 meae
525 261 824 302 consobrinus.
851 258 870 315 ΙΙ
892 260 1114 301 Possessio
1138 262 1213 308 est,
1238 263 1287 302 ut
1310 260 1461 301 definit
1478 259 1631 302 Gallus
1654 262 1732 301 Ae-

379 337 476 387 lius,
501 350 604 378 usus
629 336 806 391 quidam
843 337 959 389 agri,
983 338 1058 378 aut
1093 336 1244 385 edifioi,
1269 343 1286 383 †
1312 350 1405 377 non
1443 337 1535 390 ipse
1572 336 1735 378 fundus

379 415 454 454 aut
475 426 588 466 ager.
613 426 703 454 non
728 412 843 454 enim
866 412 1083 466 possessio
1109 415 1173 454 est
1189 444 1303 454 .....
1326 412 1455 454 rebus
1480 426 1591 466 quae
1614 415 1735 466 tangi

379 492 562 543 possunt
586 521 774 531 .....
821 489 894 542 qui
917 488 1019 530 dicit
1041 502 1086 530 se
1108 488 1341 542 possidere,
1388 489 1454 530 his
1478 503 1576 530 vere
1602 494 1620 536 ’,τ
1663 502 1735 543 po-

376 568 459 607 test
511 565 663 608 dicere.
718 568 864 619 itaque
929 567 976 606 in
1031 565 1237 619 legitimis
1302 565 1549 607 actionibus
1603 578 1734 606 nemo

379 657 428 683 ex
470 642 538 683 his
582 644 656 696 qui
698 648 716 689 ψ
750 644 1076 696 possessionem
1119 655 1244 683 suam
1288 655 1442 683 vocare
1480 641 1622 691 audet,
1660 642 1736 682 sed

378 719 433 760 ad
466 719 745 761 interdictum
787 720 918 769 venit,
962 722 1010 759 ut
1052 719 1229 760 Praetor
1271 719 1338 760 his
1372 719 1516 759 verbis
1559 721 1732 760 utatur:

384 796 478 837 «Uti
500 810 619 837 nune
641 795 870 850 possidetis
894 810 993 837 eum
1017 796 1204 836 fundum
1229 795 1276 846 Q.
1296 795 1348 837 D.
1372 796 1436 845 A„
1461 795 1578 849 quod
1595 809 1677 835 nee
1693 795 1735 835 vi

377 886 457 913 nee
500 873 610 913 elam
660 886 739 913 nec
781 873 977 926 preeario
1032 872 1140 912 alter
1191 872 1245 913 ab
1299 871 1434 912 altero
1488 871 1733 924 possidetiS,

376 955 394 997 †
447 949 508 990 ita
571 948 857 1003 possideatis,
922 948 1128 990 adversus
1183 962 1233 989 ea
1285 947 1371 989 vim
1436 948 1529 988 fieri
1591 950 1728 989 veto.»

378 1023 396 1080 ΙΙ
419 1025 719 1066 P1·aefeetu1·ae
752 1038 826 1066 eae
850 1025 1185 1078 appellabantur
1206 1025 1251 1064 in
1275 1024 1415 1074 ltalia,
1440 1025 1486 1064 in
1512 1024 1669 1076 quibus
1693 1027 1733 1064 et

378 1102 443 1142 ius
507 1101 754 1152 dicebatur,
820 1106 860 1143 et
917 1101 1141 1142 nundinae
1206 1101 1476 1154 agebantur,
1540 1103 1580 1141 et
1643 1103 1735 1142 erat

378 1179 592 1231 quaedam
629 1192 778 1220 earum
800 1180 850 1218 R.
875 1179 937 1228 P„
960 1192 1101 1231 neque
1137 1180 1285 1219 tamen
1322 1178 1599 1231 magistratus
1632 1191 1734 1218 suos

376 1254 613 1296 habebant.
648 1254 694 1294 in
732 1268 817 1308 qua
859 1255 925 1294 his
961 1260 978 1301 †
1012 1254 1181 1306 legibus
1222 1255 1428 1308 praefecti
1450 1254 1736 1295 mittebantur

377 1331 494 1384 quod
518 1332 646 1372 annis
670 1338 686 1378 Τ
711 1332 784 1384 qui
820 1331 885 1371 ius
922 1330 1128 1372 dicerent.
1168 1344 1351 1384 quarum
1376 1343 1535 1383 genera
1557 1330 1735 1371 fuerunt

377 1407 488 1449 duo:
533 1408 732 1458 alterum,
776 1410 821 1447 in
865 1421 972 1461 quas
1016 1408 1214 1449 solebant
1256 1407 1316 1448 ire
1359 1407 1566 1461 praefecti
1609 1411 1731 1460 quat-

375 1486 475 1526 tuor
518 1490 535 1531 †
577 1484 729 1537 viginti
766 1497 838 1525 sex
876 1486 1016 1524 virum
1055 1491 1113 1524 nsi
1146 1498 1224 1537 pro
1267 1489 1283 1529 Τ
1328 1484 1483 1537 populi
1526 1483 1731 1537 suffragio

377 1562 509 1602 creati
574 1564 721 1610 erant,
776 1561 821 1601 in
873 1561 981 1602 haee
1047 1560 1230 1614 oppida:
1283 1560 1503 1614 Capuam,
1557 1559 1731 1608 Cumas,

377 1637 644 1687 Casilinum,
689 1637 981 1689 Volturnum,
1029 1637 1284 1686 Liternum,
1330 1637 1560 1685 Puteolos,
1606 1638 1731 1678 Aeer-

375 1728 459 1764 ras,
495 1714 763 1763 Suessulam,
802 1715 1004 1763 Atellam,
1040 1714 1279 1756 Calatium:
1315 1715 1513 1763 alterum,
1552 1716 1598 1754 in
1624 1727 1733 1767 quas

377 1792 514 1841 ibant,
530 1805 639 1845 quos
657 1791 839 1833 Praetor
856 1792 1051 1832 urbanus
1071 1792 1187 1844 quod
1211 1791 1338 1833 annis
1356 1796 1372 1837 †
1388 1791 1434 1831 in
1454 1804 1650 1844 quaeque
1669 1790 1730 1830 lo-

377 1881 426 1909 ea
477 1868 655 1909 miserat
705 1868 896 1921 legibus,
950 1870 998 1908 ut
1050 1867 1251 1917 Fundos,
1309 1868 1530 1915 Formias,
1586 1866 1732 1915 Caere,

377 1945 672 1993 Venae1·um†,
716 1944 877 1985 Allieas
902 1950 934 1993 ἦ,
978 1944 1245 1991 Privernum,
1290 1946 1548 1993 Anagniam,
1588 1943 1730 1983 Frusi-

377 2033 566 2070 nonem,
631 2020 789 2069 Reate,
855 2020 1104 2061 Saturniam
1125 2054 1134 2070 ,
1200 2020 1430 2067 Nursiam,
1498 2020 1731 2072 Arpinum,

330 2122 340 2143 -‚
377 2097 546 2150 aliaque
585 2098 805 2150 conplura.
890 2095 908 2151 ΙΙ
951 2098 1123 2143 Parret,
1171 2096 1284 2148 quod
1330 2099 1392 2137 est
1430 2097 1473 2136 in
1516 2096 1731 2144 formulis,

378 2173 528 2214 debuit
592 2177 633 2214 et
704 2174 916 2227 producta
987 2175 1129 2227 priore
1202 2173 1369 2226 syllaba
1440 2172 1729 2225 pronuntiari,

377 2254 418 2291 et
439 2263 530 2291 non
551 2250 824 2303 geminorum
848 2255 866 2296 †
890 2250 1034 2299 scribi,
1048 2252 1096 2290 ut
1118 2249 1239 2290 fieret
1260 2252 1392 2303 paret,
1425 2248 1537 2302 quod
1553 2251 1648 2295 est†
1666 2249 1729 2288 in-

375 2327 575 2369 veniatur
608 2329 656 2367 ut
679 2333 696 2370 †
719 2329 954 2380 comparet,
990 2329 1183 2379 apparet.
1308 2324 1326 2381 ΙΙ
1352 2326 1532 2366 Portum
1566 2326 1611 2365 in
1634 2324 1727 2366 XII.

377 2417 455 2458 pro
491 2403 620 2444 domo
655 2404 846 2456 positum
881 2416 1034 2444 omnes
1068 2402 1157 2443 fere
1193 2402 1500 2443 consentiunt:
1532 2403 1623 2442 «oui
1646 2404 1728 2442 tes-

374 2479 609 2520 timonium
673 2479 880 2528 defuerit,
934 2479 1001 2519 his
1056 2484 1073 2524 †
1127 2479 1263 2519 tertiis
1319 2479 1471 2519 diebus
1524 2478 1578 2518 ob
1631 2490 1727 2531 por-

377 2560 470 2595 tum
495 2555 807 2608 obvagulatum
831 2555 929 2596 ito.»
1212 2552 1230 2609 ΙΙ
1253 2554 1495 2595 Pati-oeinia
1518 2554 1731 2607 appellari

377 2634 529 2684 coepta
568 2632 694 2680 sunt,
737 2644 836 2671 eum
878 2631 1001 2684 plebs
1045 2631 1272 2671 distributa
1315 2632 1378 2671 est
1414 2630 1528 2671 inter
1568 2632 1726 2683 patres,

377 2709 425 2747 ut
446 2720 597 2748 eorum
621 2707 779 2760 opibus
801 2709 895 2748 tuta
918 2709 1041 2748 esset.
1076 2704 1094 2762 ΙΙ
1118 2706 1337 2748 Postieam
1359 2706 1524 2747 lineam
1548 2707 1594 2746 in
1617 2706 1729 2758 agris

378 2783 619 2824 dividendis
740 2783 830 2825 Ser.
953 2783 1173 2836 Sulpicius
1319 2782 1556 2836 appellavit
1677 2783 1729 2822 ab
