2072 3222
279 138 365 180 488
429 152 487 182 φιτ.
503 152 561 177 xx:
577 151 603 176 3.
654 153 775 181 FEsT1
790 154 946 183 FRAGM‘
962 154 988 181 E
1003 155 1097 184 coo.
1111 154 1236 184 ΜΕΝ.
1250 156 1289 184 L.
1305 156 1422 184 xvm.
1607 157 1638 182 P.
1653 156 1707 182 3:³0
1719 159 1759 183 M.

1193 272 1367 312 raculae
1425 286 1524 314 cum
1636 254 1760 316 ext-tis

1037 347 1183 390 Idem:
1242 348 1477 391 «Prosedas
1545 351 1759 403 pistorum

1138 426 1320 466 miseras
1402 426 1580 467 sohoeno
1663 427 1757 468 dili-

1157 516 1242 544 as.»
1334 501 1352 558 ΙΙ
1378 502 1525 545 Sem-ta
1608 505 1756 558 appel-

1169 579 1379 621 uetudine
1482 581 1756 631 rusticorum,

1218 670 1338 710 quos,
1423 657 1623 698 solebant
1695 658 1756 698 di-

1157 732 1442 774 delicularum
1462 739 1496 780 †.
1610 734 1758 775 omnia

346 840 354 848 .
419 839 428 848 .
494 840 503 848 .
1465 812 1757 865 appellantur.

345 880 363 938 ΙΙ
387 879 549 926 Scortes
641 918 650 926 .
716 919 724 927 .
790 918 799 927 .
864 920 872 928 .
938 921 946 929 .
1012 921 1020 928 .
1155 891 1360 930 tenorum
1381 894 1398 927 ÷
1484 889 1538 930 ab
1620 888 1757 930 isdem

274 977 310 1002 10
345 990 354 999 .
419 993 428 1002 .
494 992 502 1000 .
568 994 577 1002 .
642 995 651 1003 .
716 996 724 1003 .
790 996 798 1004 .
864 997 872 1004 .
938 997 946 1005 .
1012 998 1020 1005 .
1154 978 1245 1006 esse
1329 965 1401 1006 ait.
1512 962 1531 1020 ΙΙ
1563 965 1755 1007 scandu-

1237 1041 1422 1089 nimicae,
1485 1041 1602 1095 quod
1685 1055 1756 1083 eas

1261 1121 1367 1159 eoat.
1511 1116 1529 1173 ΙΙ
1550 1117 1754 1172 Scapten-

1259 1201 1285 1234 ᾗ
1358 1196 1403 1234 in
1487 1194 1755 1244 Macedonia,

1083 1304 1091 1312 .
1148 1270 1261 1324 quod
1314 1274 1376 1313 ese
1430 1271 1574 1313 Graece
1632 1276 1755 1312 σκάπ-

269 1357 303 1381 1⁵
342 1376 351 1385 .
415 1377 424 1385 .
489 1378 497 1386 .
563 1378 570 1386 .
636 1379 644 1386 .
710 1379 718 1387 .
784 1379 793 1387 .
859 1380 867 1388 .
932 1381 941 1389 .
1006 1381 1014 1389 .
1080 1381 1088 1389 .
1154 1381 1162 1389 .
1245 1348 1298 1388 lis
1381 1349 1545 1401 expiret
1626 1348 1756 1402 Sca-p-

1223 1422 1241 1479 ΙΙ
1266 1422 1427 1477 S-para
1511 1424 1756 1478 parvissimi

1268 1503 1518 1554 pargantur,
1630 1501 1754 1543 dicta.

1165 1583 1256 1620 tum
1310 1591 1451 1631 spara,
1505 1580 1598 1618 tum
1660 1591 1753 1618 mu-

1124 1667 1219 1696 orro
1230 1671 1242 1691 »ν
1253 1687 1262 1696 .
1347 1652 1366 1709 ΙΙ
1384 1654 1546 1696 Scitum
1601 1654 1755 1708 populi

270 1735 349 1768 2⁰.
415 1761 423 1769 .
490 1762 497 1770 .
563 1763 571 1771 .
637 1763 646 1771 .
711 1764 720 1771 .
786 1764 794 1771 .
860 1764 868 1772 .
935 1764 943 1773 .
1009 1765 1017 1772 .
1083 1765 1091 1772 .
1157 1765 1165 1772 .
1230 1765 1238 1772 .
1344 1732 1436 1771 ctus
1546 1732 1754 1784 patricius

1372 1807 1502 1861 fragis
1614 1808 1753 1848 iussit.

1300 1898 1349 1925 ex
1430 1884 1626 1937 patribus
1714 1887 1754 1925 et

1257 1962 1346 2001 iam
1428 1960 1544 2013 leges
1626 1959 1750 2000 serib-

1188 2039 1281 2078 tum
1348 2039 1425 2085 est,
1485 2036 1601 2089 quod
1668 2036 1752 2077 ΤΒ.

267 2126 347 2153 23.
414 2144 423 2153 .
488 2145 496 2153 .
561 2145 570 2153 .
635 2145 643 2153 .
709 2146 716 2153 .
783 2146 791 2154 .
856 2144 866 2154 0
930 2145 940 2154 .
1005 2145 1013 2154 .
1079 2145 1087 2153 .
1151 2112 1277 2167 gavit,
1361 2112 1405 2152 id
1473 2114 1535 2153 est
1603 2125 1752 2153 eonsu-

1222 2189 1376 2231 Plebes
1460 2191 1607 2230 autem
1691 2191 1753 2230 est

339 2295 348 2304 .
413 2295 422 2305 .
488 2297 496 2304 .
1266 2268 1421 2319 praeter
1531 2265 1751 2319 patricios.

339 2337 515 2395 “Saitae
564 2374 572 2381 .
638 2373 646 2382 .
712 2376 720 2383 .
785 2375 793 2383 .
861 2374 870 2382 .
935 2375 943 2383 .
1008 2376 1016 2384 .
1101 2343 1218 2384 bona
1270 2343 1390 2389 faeie,
1448 2340 1575 2391 alias,
1624 2341 1750 2383 bonis

1115 2419 1225 2460 oetis
1308 2421 1588 2472 usurpantur.
1676 2418 1750 2458 Te-

856 2526 865 2535 .
1047 2508 1068 2535 e
1113 2496 1231 2545 satis,
1284 2495 1437 2548 inquit,
1504 2495 1622 2535 scita.
1677 2496 1751 2541 ew

855 2570 1005 2612 MENO
1053 2573 1122 2611 «at
1185 2572 1220 2612 si
1283 2572 1405 2620 scias,
1459 2584 1592 2624 quam
1648 2570 1749 2622 scite

870 2649 963 2688 rit.»
1022 2646 1192 2688 Ennius
1244 2648 1360 2688 inl.
1385 2646 1535 2689 ‚VL2'
1569 2648 1746 2688 «lumen

911 2722 1043 2764 scitus
1099 2736 1270 2776 agaso.»
1335 2721 1559 2778 Uscanam
1610 2736 1747 2776 genus

806 2800 1087 2841 manifestum
1140 2803 1216 2850 est,
1267 2799 1343 2841 sed
1394 2799 1627 2841 futurum÷
1684 2814 1745 2841 se-

265 2506 301 2530 30
337 2525 346 2533 .
