2072 3222
290 964 324 990 10

285 1352 320 1378 15

283 1732 319 1758 20

285 2121 319 2145 25

285 2497 321 2522 80

365 130 376 144 ”
430 140 487 169 QU-
503 139 584 164 xm.
599 137 644 164 32.
725 140 847 169 FESTI
861 141 1018 169 FRAGM.
1033 141 1060 168 E
1075 140 1167 169 coD.
1183 141 1306 169 FARN.
1324 142 1362 169 L.
1378 141 1495 170 xv111.
1622 142 1653 165 1>-
1669 139 1722 166 294
1736 140 1772 166 M.

433 258 736 310 paupertatem
892 256 927 297 si
1083 255 1339 310 immigrant
1494 257 1703 307 infamiae,

432 333 604 386 gravior
723 336 958 387 paupertas
1080 333 1139 382 fit,
1277 333 1382 374 fides
1505 333 1702 375 sublesti-

434 423 517 451 or.»
587 409 629 451 id
693 413 756 451 est
833 410 1060 452 infirmior.
1138 410 1186 451 Id
1260 413 1322 452 est
1344 416 1361 457 *Γ
1438 411 1484 450 in
1545 410 1700 451 Nervo-

433 487 542 528 laria
706 489 857 527 vinum
1035 487 1096 527 ait
1268 487 1669 535 «sublestissimum,
1683 503 1695 523 υ

432 565 532 617 quia
628 563 826 604 infirmos
942 564 1072 605 faciat
1172 564 1241 605 vel
1343 577 1533 617 corpore,
1635 565 1702 605 vel

430 639 593 681 animo.

433 714 452 771 ΙΙ
476 717 648 758 Saturet
669 723 686 764 ἢ·
745 717 884 765 viret†
920 731 1018 759 caro
1074 730 1165 758 non
1227 717 1390 758 habent
1403 723 1435 765 †.
1493 715 1511 772 ΙΙ
1549 717 1701 770 Supel-

434 793 581 834 lietilis
603 799 620 825 4
693 797 810 835 recto
894 807 1009 844 casu,
1090 796 1131 834 et
1192 794 1310 835 senis
1388 794 1557 835 ratione
1641 793 1700 834 di-

431 871 653 921 cebantur,
797 885 891 924 quae
1033 884 1148 912 nunc
1290 870 1509 912 contraria
1641 871 1700 911 vi-

432 946 591 988 dentur
699 961 789 989 esse
904 947 1094 989 finitioni
1207 947 1424 1001 portionis
1439 952 1457 995 †
1474 963 1482 988 :
1585 961 1669 1000 qua
1685 954 1701 993 †

430 1025 578 1065 omnia
740 1024 955 1065 vocabula
1095 1023 1134 1064 X
1274 1024 1419 1066 littera
1579 1023 1702 1065 finita

428 1114 505 1154 per
679 1100 993 1142 declinationes
1170 1101 1448 1155 obliquorum
1633 1114 1700 1142 ca·

429 1190 559 1218 suum
673 1177 888 1230 syllabam
1002 1177 1234 1231 accipiunt.
1348 1178 1441 1219 haec
1554 1180 1700 1219 autem

429 1253 514 1294 duo
609 1253 884 1295 desciverunt
976 1254 1030 1295 ab
1125 1267 1187 1302 ea,
1283 1257 1330 1295 ut
1416 1255 1505 1296 alta
1588 1268 1700 1295 com-

427 1330 551 1385 pium
568 1336 585 1378 †
690 1344 785 1384 quae
899 1344 988 1373 non
1102 1330 1199 1372 ideo
1303 1331 1525 1372 infirmare
1628 1330 1699 1371 de-

428 1408 530 1449 bent
553 1409 833 1461 praeceptum.

427 1482 448 1540 ΙΙ
464 1483 629 1525 Scurra»
773 1484 1036 1526 vocabulum
1190 1485 1366 1526 Verrius
1522 1484 1699 1538 ineptis-

427 1562 574 1613 sime†
640 1563 718 1602 aut
800 1575 849 1602 ex
922 1559 1072 1602 Graeco
1155 1563 1344 1603 tractum
1425 1561 1499 1610 ait,
1584 1561 1700 1614 quod

427 1640 492 1679 est
575 1637 929 1679 ΣΚΥΡΟΑΖΑΙΝ
949 1640 984 1688 †,
1067 1640 1155 1685 ut†
1219 1651 1244 1679 a
1326 1637 1566 1691 sequendo,
1631 1637 1699 1678 cui

428 1714 565 1768 magis
687 1714 943 1766 adsentitur,
1080 1714 1199 1768 quod
1322 1717 1363 1756 et
1485 1716 1697 1756 tenuioris

426 1791 612 1832 fortunae
747 1791 961 1841 homines,
1099 1794 1140 1833 et
1262 1791 1391 1833 ceteri
1523 1791 1697 1843 alioqui,

427 1867 502 1921 qui
673 1867 853 1909 honoris
1029 1868 1169 1921 gratia
1333 1869 1699 1921 prosequerentur

428 1945 695 1998 quempiam,
812 1958 902 1985 non
1013 1943 1280 1994 antecedere,
1395 1943 1471 1984 sed
1577 1944 1697 1997 sequi

426 2021 513 2062 sint
625 2020 751 2062 soliti.
867 2020 966 2074 quia
1084 2021 1284 2062 videlicet
1396 2020 1510 2062 dicat
1612 2020 1696 2061 Lu-

427 2097 552 2138 cilius
567 2113 575 2138 :
698 2096 950 2139 «Cornelius
1064 2098 1109 2139 P.
1224 2100 1372 2139 noster
1473 2097 1698 2151 Scipiadas

426 2173 538 2216 dicto
551 2180 582 2224 †,
676 2176 850 2227 tempus
932 2188 1015 2227 que
1031 2179 1048 2222 †
1164 2175 1387 2228 intorquet
1487 2174 1533 2215 in
1633 2174 1696 2228 ip·

425 2264 523 2291 sum
538 2257 555 2298 †
619 2250 677 2292 oti
752 2254 792 2291 et
805 2257 822 2288 4
898 2250 1058 2299 delicis,
1134 2251 1220 2292 luci
1294 2250 1444 2292 effictae
1458 2257 1487 2301 †,
1565 2253 1696 2304 atque

425 2326 607 2376 cinaedo,
650 2330 691 2368 et
734 2327 960 2369 sectatoria
994 2333 1011 2375 †
1090 2327 1204 2376 deo†
1266 2329 1380 2381 ipsi†
1436 2341 1528 2377 suo,
1608 2341 1695 2380 quo

428 2404 587 2444 rectius
689 2403 818 2445 dicas.
922 2404 1011 2445 ibat
1113 2405 1220 2445 forte
1323 2404 1516 2452 domum,
1633 2417 1695 2444 se·

432 2481 609 2532 quimur
709 2481 851 2530 multi,
952 2483 1080 2534 atque
1194 2480 1482 2534 frequentes.»
1597 2493 1696 2521 cum

435 2558 605 2597 secutos
694 2555 828 2597 videri
910 2557 1025 2606 velit,
1136 2557 1190 2598 ob
1290 2570 1442 2598 eorum
1540 2555 1692 2609 iurgia,

428 2645 520 2673 non
544 2632 598 2673 ob
622 2631 849 2674 adsuetum
874 2632 1080 2674 officium.
