<?xml version="1.0" encoding="UTF-8"?>
<!DOCTYPE html PUBLIC "-//W3C//DTD XHTML 1.0 Transitional//EN"
    "http://www.w3.org/TR/xhtml1/DTD/xhtml1-transitional.dtd">
<html xmlns="http://www.w3.org/1999/xhtml" xml:lang="en" lang="en">
 <head>
  <title>
</title>
<meta http-equiv="Content-Type" content="text/html;charset=utf-8" />
  <meta name='ocr-system' content='tesseract 3.04.00' />
  <meta name='ocr-capabilities' content='ocr_page ocr_carea ocr_par ocr_line ocrx_word'/>
</head>
<body>
  <div class='ocr_page' id='page_1' title='image "./deverborumsignif00festuoft_0318.png"; bbox 0 0 2072 3222; ppageno 0'>
   <div class='ocr_carea' id='block_1_1' title="bbox 326 137 1810 178">
    <p class='ocr_par' dir='ltr' id='par_1_1' title="bbox 326 137 1810 178">
     <span class='ocr_line' id='line_1_1' title="bbox 326 137 1810 178; baseline -0.004 0"><span class='ocrx_word' id='word_1_1' title='bbox 326 137 414 178; x_wconf 76' lang='grc'>300</span> <span class='ocrx_word' id='word_1_2' title='bbox 477 149 535 178; x_wconf 64' lang='lat' dir='ltr'>om</span> <span class='ocrx_word' id='word_1_3' title='bbox 550 149 615 173; x_wconf 72' lang='grc' dir='ltr'>ΧΠ.</span> <span class='ocrx_word' id='word_1_4' title='bbox 632 147 658 172; x_wconf 72' lang='lat'>23.</span> <span class='ocrx_word' id='word_1_5' title='bbox 732 149 854 176; x_wconf 71' lang='lat' dir='ltr'>Fnsrr</span> <span class='ocrx_word' id='word_1_6' title='bbox 867 148 1024 175; x_wconf 75' lang='lat' dir='ltr'><strong>FRAGM.</strong></span> <span class='ocrx_word' id='word_1_7' title='bbox 1040 148 1066 174; x_wconf 85' lang='lat' dir='ltr'>E</span> <span class='ocrx_word' id='word_1_8' title='bbox 1081 148 1173 175; x_wconf 77' lang='lat' dir='ltr'>con.</span> <span class='ocrx_word' id='word_1_9' title='bbox 1190 147 1313 175; x_wconf 82' lang='lat' dir='ltr'>FARN.</span> <span class='ocrx_word' id='word_1_10' title='bbox 1329 147 1367 175; x_wconf 86' lang='lat' dir='ltr'>L.</span> <span class='ocrx_word' id='word_1_11' title='bbox 1383 147 1465 174; x_wconf 65' lang='grc' dir='ltr'>ΧΠ.</span> <span class='ocrx_word' id='word_1_12' title='bbox 1658 146 1690 170; x_wconf 78' lang='grc' dir='ltr'>Ρ.</span> <span class='ocrx_word' id='word_1_13' title='bbox 1705 143 1756 169; x_wconf 61' lang='lat'>237</span> <span class='ocrx_word' id='word_1_14' title='bbox 1771 145 1810 169; x_wconf 81' lang='grc' dir='ltr'>Μ.</span> 
     </span>
    </p>
   </div>
   <div class='ocr_carea' id='block_1_2' title="bbox 330 262 1774 2842">
    <p class='ocr_par' dir='ltr' id='par_1_2' title="bbox 330 262 1774 2842">
     <span class='ocr_line' id='line_1_2' title="bbox 401 262 1747 316; baseline -0.003 -11"><span class='ocrx_word' id='word_1_15' title='bbox 401 265 636 306; x_wconf 73' lang='lat' dir='ltr'>dormienti</span> <span class='ocrx_word' id='word_1_16' title='bbox 660 265 814 312; x_wconf 88' lang='lat' dir='ltr'>evenit,</span> <span class='ocrx_word' id='word_1_17' title='bbox 838 263 955 316; x_wconf 87' lang='lat' dir='ltr'>quod</span> <span class='ocrx_word' id='word_1_18' title='bbox 990 262 1163 304; x_wconf 85' lang='lat' dir='ltr'>comitia</span> <span class='ocrx_word' id='word_1_19' title='bbox 1184 262 1413 316; x_wconf 88' lang='lat' dir='ltr'>prohibere</span> <span class='ocrx_word' id='word_1_20' title='bbox 1448 262 1570 312; x_wconf 90' lang='lat' dir='ltr'>solet,</span> <span class='ocrx_word' id='word_1_21' title='bbox 1594 276 1649 303; x_wconf 92' lang='lat' dir='ltr'>ne</span> <span class='ocrx_word' id='word_1_22' title='bbox 1670 262 1706 301; x_wconf 92' lang='lat' dir='ltr'>is</span> <span class='ocrx_word' id='word_1_23' title='bbox 1730 268 1747 306; x_wconf 77' lang='lat'>†</span> 
     </span>
     <span class='ocr_line' id='line_1_3' title="bbox 402 337 1750 396; baseline -0.004 -13"><span class='ocrx_word' id='word_1_24' title='bbox 402 341 579 396; x_wconf 89' lang='lat' dir='ltr'>quidem</span> <span class='ocrx_word' id='word_1_25' title='bbox 601 340 710 381; x_wconf 91' lang='lat' dir='ltr'>mihi</span> <span class='ocrx_word' id='word_1_26' title='bbox 731 341 886 382; x_wconf 82' lang='lat' dir='ltr'>vitium</span> <span class='ocrx_word' id='word_1_27' title='bbox 919 340 1062 381; x_wconf 74' lang='lat' dir='ltr'>facit.»</span> <span class='ocrx_word' id='word_1_28' title='bbox 1102 337 1120 395; x_wconf 88' lang='grc' dir='ltr'>ΙΙ</span> <span class='ocrx_word' id='word_1_29' title='bbox 1144 341 1378 381; x_wconf 88' lang='lat' dir='ltr'>Penatores</span> <span class='ocrx_word' id='word_1_30' title='bbox 1402 339 1474 391; x_wconf 88' lang='lat' dir='ltr'>qui</span> <span class='ocrx_word' id='word_1_31' title='bbox 1495 352 1636 392; x_wconf 89' lang='lat' dir='ltr'>penus</span> <span class='ocrx_word' id='word_1_32' title='bbox 1659 351 1750 391; x_wconf 87' lang='lat' dir='ltr'>ges-</span> 
     </span>
     <span class='ocr_line' id='line_1_4' title="bbox 400 416 1753 469; baseline -0.004 -10"><span class='ocrx_word' id='word_1_33' title='bbox 400 421 508 460; x_wconf 83' lang='lat' dir='ltr'>tant.</span> <span class='ocrx_word' id='word_1_34' title='bbox 592 418 696 460; x_wconf 85' lang='lat' dir='ltr'>Cato</span> <span class='ocrx_word' id='word_1_35' title='bbox 721 417 926 458; x_wconf 86' lang='lat' dir='ltr'>adversus</span> <span class='ocrx_word' id='word_1_36' title='bbox 948 417 1006 458; x_wconf 89' lang='lat' dir='ltr'>M.</span> <span class='ocrx_word' id='word_1_37' title='bbox 1035 422 1052 463; x_wconf 78' lang='lat'><em>†</em></span> <span class='ocrx_word' id='word_1_38' title='bbox 1079 416 1265 457; x_wconf 89' lang='lat' dir='ltr'>Acilium</span> <span class='ocrx_word' id='word_1_39' title='bbox 1289 417 1464 469; x_wconf 87' lang='lat' dir='ltr'>quarta:</span> <span class='ocrx_word' id='word_1_40' title='bbox 1496 418 1753 469; x_wconf 77' lang='lat' dir='ltr'>«postquam</span> 
     </span>
     <span class='ocr_line' id='line_1_5' title="bbox 400 492 1751 544; baseline -0.002 -10"><span class='ocrx_word' id='word_1_41' title='bbox 400 497 604 536; x_wconf 75' lang='lat' dir='ltr'>nativitas</span> <span class='ocrx_word' id='word_1_42' title='bbox 624 500 641 541; x_wconf 77' lang='lat'>†</span> <span class='ocrx_word' id='word_1_43' title='bbox 660 507 710 534; x_wconf 76' lang='lat' dir='ltr'>ex</span> <span class='ocrx_word' id='word_1_44' title='bbox 724 494 908 534; x_wconf 84' lang='lat' dir='ltr'>navibus</span> <span class='ocrx_word' id='word_1_45' title='bbox 923 493 1062 542; x_wconf 77' lang='lat' dir='ltr'>eduxi,</span> <span class='ocrx_word' id='word_1_46' title='bbox 1079 507 1168 535; x_wconf 92' lang='lat' dir='ltr'>non</span> <span class='ocrx_word' id='word_1_47' title='bbox 1184 507 1234 534; x_wconf 76' lang='lat' dir='ltr'>ex</span> <span class='ocrx_word' id='word_1_48' title='bbox 1258 492 1470 533; x_wconf 82' lang='lat' dir='ltr'>militibus</span> <span class='ocrx_word' id='word_1_49' title='bbox 1494 493 1623 544; x_wconf 88' lang='lat' dir='ltr'>atque</span> <span class='ocrx_word' id='word_1_50' title='bbox 1645 504 1751 531; x_wconf 91' lang='lat' dir='ltr'>nau-</span> 
     </span>
     <span class='ocr_line' id='line_1_6' title="bbox 346 564 1752 624; baseline -0.004 -12"><span class='ocrx_word' id='word_1_51' title='bbox 346 589 363 611; x_wconf 70' lang='lat'>5</span> <span class='ocrx_word' id='word_1_52' title='bbox 399 572 451 612; x_wconf 83' lang='lat' dir='ltr'>tis</span> <span class='ocrx_word' id='word_1_53' title='bbox 473 572 710 624; x_wconf 75' lang='lat' dir='ltr'>piscatores</span> <span class='ocrx_word' id='word_1_54' title='bbox 744 572 975 624; x_wconf 76' lang='lat' dir='ltr'>penatores</span> <span class='ocrx_word' id='word_1_55' title='bbox 997 570 1066 610; x_wconf 86' lang='lat' dir='ltr'>fici</span> <span class='ocrx_word' id='word_1_56' title='bbox 1090 569 1291 611; x_wconf 90' lang='lat' dir='ltr'>sedarum</span> <span class='ocrx_word' id='word_1_57' title='bbox 1319 575 1336 604; x_wconf 63' lang='lat'>4</span> <span class='ocrx_word' id='word_1_58' title='bbox 1364 568 1501 609; x_wconf 87' lang='lat' dir='ltr'>dedi.»</span> <span class='ocrx_word' id='word_1_59' title='bbox 1599 564 1618 622; x_wconf 84' lang='grc' dir='ltr'>ΙΙ</span> <span class='ocrx_word' id='word_1_60' title='bbox 1642 567 1752 607; x_wconf 87' lang='lat' dir='ltr'>Pila-</span> 
     </span>
     <span class='ocr_line' id='line_1_7' title="bbox 400 644 1756 701; baseline -0.004 -13"><span class='ocrx_word' id='word_1_61' title='bbox 400 650 463 688; x_wconf 85' lang='lat' dir='ltr'>tes</span> <span class='ocrx_word' id='word_1_62' title='bbox 483 653 500 693; x_wconf 80' lang='lat'>†</span> <span class='ocrx_word' id='word_1_63' title='bbox 519 647 678 701; x_wconf 84' lang='lat' dir='ltr'>lapidis</span> <span class='ocrx_word' id='word_1_64' title='bbox 691 660 843 700; x_wconf 86' lang='lat' dir='ltr'>genus,</span> <span class='ocrx_word' id='word_1_65' title='bbox 859 647 981 687; x_wconf 86' lang='lat' dir='ltr'>cuius</span> <span class='ocrx_word' id='word_1_66' title='bbox 995 647 1052 687; x_wconf 87' lang='lat' dir='ltr'>M.</span> <span class='ocrx_word' id='word_1_67' title='bbox 1075 652 1091 688; x_wconf 81' lang='lat'>†</span> <span class='ocrx_word' id='word_1_68' title='bbox 1112 645 1216 687; x_wconf 86' lang='lat' dir='ltr'>Cato</span> <span class='ocrx_word' id='word_1_69' title='bbox 1234 646 1453 699; x_wconf 82' lang='lat' dir='ltr'>originum</span> <span class='ocrx_word' id='word_1_70' title='bbox 1470 645 1518 686; x_wconf 89' lang='lat' dir='ltr'>L.</span> <span class='ocrx_word' id='word_1_71' title='bbox 1533 644 1598 685; x_wconf 81' lang='lat' dir='ltr'>V.:</span> <span class='ocrx_word' id='word_1_72' title='bbox 1620 644 1756 696; x_wconf 83' lang='lat' dir='ltr'>«lapis</span> 
     </span>
     <span class='ocr_line' id='line_1_8' title="bbox 403 720 1753 778; baseline -0.003 -14"><span class='ocrx_word' id='word_1_73' title='bbox 403 723 628 765; x_wconf 73' lang='lat' dir='ltr'>candidior</span> <span class='ocrx_word' id='word_1_74' title='bbox 649 737 779 777; x_wconf 87' lang='lat' dir='ltr'>quam</span> <span class='ocrx_word' id='word_1_75' title='bbox 802 723 1028 776; x_wconf 84' lang='lat' dir='ltr'>pelastes.»</span> <span class='ocrx_word' id='word_1_76' title='bbox 1159 721 1177 778; x_wconf 85' lang='grc' dir='ltr'>ΙΙ</span> <span class='ocrx_word' id='word_1_77' title='bbox 1208 722 1440 775; x_wconf 80' lang='lat' dir='ltr'>Peregrina</span> <span class='ocrx_word' id='word_1_78' title='bbox 1464 734 1585 762; x_wconf 85' lang='lat' dir='ltr'>sacra</span> <span class='ocrx_word' id='word_1_79' title='bbox 1608 720 1753 773; x_wconf 83' lang='lat' dir='ltr'>appel-</span> 
     </span>
     <span class='ocr_line' id='line_1_9' title="bbox 402 797 1755 854; baseline -0.004 -13"><span class='ocrx_word' id='word_1_80' title='bbox 402 802 564 849; x_wconf 78' lang='lat' dir='ltr'>lantur,</span> <span class='ocrx_word' id='word_1_81' title='bbox 610 814 717 854; x_wconf 78' lang='lat' dir='ltr'>quae</span> <span class='ocrx_word' id='word_1_82' title='bbox 772 803 847 841; x_wconf 86' lang='lat' dir='ltr'>aut</span> <span class='ocrx_word' id='word_1_83' title='bbox 890 799 1076 841; x_wconf 69' lang='lat' dir='ltr'>evocatis</span> <span class='ocrx_word' id='word_1_84' title='bbox 1119 799 1184 840; x_wconf 90' lang='lat' dir='ltr'>dis</span> <span class='ocrx_word' id='word_1_85' title='bbox 1226 801 1272 839; x_wconf 92' lang='lat' dir='ltr'>in</span> <span class='ocrx_word' id='word_1_86' title='bbox 1326 797 1633 852; x_wconf 85' lang='lat' dir='ltr'>oppugnandis</span> <span class='ocrx_word' id='word_1_87' title='bbox 1686 809 1755 836; x_wconf 91' lang='lat' dir='ltr'>ur-</span> 
     </span>
     <span class='ocr_line' id='line_1_10' title="bbox 403 872 1758 929; baseline -0.004 -12"><span class='ocrx_word' id='word_1_88' title='bbox 403 877 531 917; x_wconf 85' lang='lat' dir='ltr'>bibus</span> <span class='ocrx_word' id='word_1_89' title='bbox 553 879 737 918; x_wconf 81' lang='lat' dir='ltr'>Romam</span> <span class='ocrx_word' id='word_1_90' title='bbox 759 879 861 917; x_wconf 89' lang='lat' dir='ltr'>sunt</span> <span class='ocrx_word' id='word_1_91' title='bbox 884 878 1054 925; x_wconf 82' lang='lat' dir='ltr'>conata,</span> <span class='ocrx_word' id='word_1_92' title='bbox 1083 882 1100 908; x_wconf 62' lang='lat'>4</span> <span class='ocrx_word' id='word_1_93' title='bbox 1123 878 1197 917; x_wconf 84' lang='lat' dir='ltr'>aut</span> <span class='ocrx_word' id='word_1_94' title='bbox 1220 889 1328 929; x_wconf 87' lang='lat' dir='ltr'>quae</span> <span class='ocrx_word' id='word_1_95' title='bbox 1353 875 1408 916; x_wconf 91' lang='lat' dir='ltr'>ob</span> <span class='ocrx_word' id='word_1_96' title='bbox 1428 873 1639 928; x_wconf 83' lang='lat' dir='ltr'>quasdam</span> <span class='ocrx_word' id='word_1_97' title='bbox 1661 872 1758 913; x_wconf 89' lang='lat' dir='ltr'>reli-</span> 
     </span>
     <span class='ocr_line' id='line_1_11' title="bbox 330 949 1756 1006; baseline -0.004 -12"><span class='ocrx_word' id='word_1_98' title='bbox 330 965 366 990; x_wconf 87' lang='lat'>10</span> <span class='ocrx_word' id='word_1_99' title='bbox 402 954 550 1006; x_wconf 88' lang='lat' dir='ltr'>giones</span> <span class='ocrx_word' id='word_1_100' title='bbox 592 967 670 1006; x_wconf 90' lang='lat' dir='ltr'>per</span> <span class='ocrx_word' id='word_1_101' title='bbox 711 966 864 1006; x_wconf 90' lang='lat' dir='ltr'>pacem</span> <span class='ocrx_word' id='word_1_102' title='bbox 907 956 1008 994; x_wconf 86' lang='lat' dir='ltr'>sunt</span> <span class='ocrx_word' id='word_1_103' title='bbox 1044 953 1193 1006; x_wconf 86' lang='lat' dir='ltr'>petita,</span> <span class='ocrx_word' id='word_1_104' title='bbox 1228 954 1275 992; x_wconf 85' lang='lat' dir='ltr'>ut</span> <span class='ocrx_word' id='word_1_105' title='bbox 1309 967 1357 992; x_wconf 75' lang='lat' dir='ltr'>ex</span> <span class='ocrx_word' id='word_1_106' title='bbox 1391 950 1581 1004; x_wconf 68' lang='lat' dir='ltr'>Phr-ydia</span> <span class='ocrx_word' id='word_1_107' title='bbox 1622 949 1756 997; x_wconf 71' lang='lat' dir='ltr'>†Ma·</span> 
     </span>
     <span class='ocr_line' id='line_1_12' title="bbox 402 1025 1774 1082; baseline -0.004 -11"><span class='ocrx_word' id='word_1_108' title='bbox 402 1030 477 1071; x_wconf 78' lang='lat' dir='ltr'>tris</span> <span class='ocrx_word' id='word_1_109' title='bbox 520 1029 705 1082; x_wconf 83' lang='lat' dir='ltr'>Magnae</span> <span class='ocrx_word' id='word_1_110' title='bbox 723 1063 732 1078; x_wconf 84' lang='lat'><strong><em>,</em></strong></span> <span class='ocrx_word' id='word_1_111' title='bbox 776 1044 824 1069; x_wconf 80' lang='lat' dir='ltr'>ex</span> <span class='ocrx_word' id='word_1_112' title='bbox 867 1027 1049 1070; x_wconf 81' lang='lat' dir='ltr'>Graecia</span> <span class='ocrx_word' id='word_1_113' title='bbox 1093 1027 1257 1070; x_wconf 86' lang='lat' dir='ltr'>Cereris</span> <span class='ocrx_word' id='word_1_114' title='bbox 1274 1061 1283 1077; x_wconf 84' lang='grc'>,</span> <span class='ocrx_word' id='word_1_115' title='bbox 1336 1027 1558 1081; x_wconf 85' lang='lat' dir='ltr'>Epidauro</span> <span class='ocrx_word' id='word_1_116' title='bbox 1601 1025 1774 1066; x_wconf 53' lang='lat' dir='ltr'>Aescu?</span> 
     </span>
     <span class='ocr_line' id='line_1_13' title="bbox 403 1105 1757 1160; baseline -0.004 -13"><span class='ocrx_word' id='word_1_117' title='bbox 403 1107 518 1160; x_wconf 86' lang='lat' dir='ltr'>lapi:</span> <span class='ocrx_word' id='word_1_118' title='bbox 545 1119 655 1159; x_wconf 84' lang='lat' dir='ltr'>quae</span> <span class='ocrx_word' id='word_1_119' title='bbox 679 1106 883 1147; x_wconf 89' lang='lat' dir='ltr'>coluntur</span> <span class='ocrx_word' id='word_1_120' title='bbox 905 1118 1056 1146; x_wconf 85' lang='lat' dir='ltr'>eorum</span> <span class='ocrx_word' id='word_1_121' title='bbox 1079 1118 1214 1155; x_wconf 76' lang='lat' dir='ltr'>more,</span> <span class='ocrx_word' id='word_1_122' title='bbox 1239 1118 1264 1145; x_wconf 84' lang='lat' dir='ltr'>a</span> <span class='ocrx_word' id='word_1_123' title='bbox 1287 1105 1441 1158; x_wconf 86' lang='lat' dir='ltr'>quibus</span> <span class='ocrx_word' id='word_1_124' title='bbox 1474 1105 1577 1143; x_wconf 89' lang='lat' dir='ltr'>sunt</span> <span class='ocrx_word' id='word_1_125' title='bbox 1608 1115 1757 1154; x_wconf 85' lang='lat' dir='ltr'>accep-</span> 
     </span>
     <span class='ocr_line' id='line_1_14' title="bbox 403 1180 1758 1237; baseline -0.004 -13"><span class='ocrx_word' id='word_1_126' title='bbox 403 1186 459 1224; x_wconf 83' lang='lat' dir='ltr'>ta.</span> <span class='ocrx_word' id='word_1_127' title='bbox 523 1180 541 1237; x_wconf 81' lang='grc' dir='ltr'>ΙΙ</span> <span class='ocrx_word' id='word_1_128' title='bbox 566 1183 795 1224; x_wconf 84' lang='lat' dir='ltr'>Peculatus</span> <span class='ocrx_word' id='word_1_129' title='bbox 819 1182 984 1223; x_wconf 84' lang='lat' dir='ltr'>furtum</span> <span class='ocrx_word' id='word_1_130' title='bbox 1007 1181 1233 1235; x_wconf 84' lang='lat' dir='ltr'>public-um</span> <span class='ocrx_word' id='word_1_131' title='bbox 1256 1181 1340 1222; x_wconf 84' lang='lat' dir='ltr'>dici</span> <span class='ocrx_word' id='word_1_132' title='bbox 1363 1184 1529 1234; x_wconf 82' lang='lat' dir='ltr'>coeptus</span> <span class='ocrx_word' id='word_1_133' title='bbox 1553 1182 1616 1220; x_wconf 90' lang='lat' dir='ltr'>est</span> <span class='ocrx_word' id='word_1_134' title='bbox 1640 1192 1665 1220; x_wconf 89' lang='lat' dir='ltr'>a</span> <span class='ocrx_word' id='word_1_135' title='bbox 1686 1191 1758 1231; x_wconf 90' lang='lat' dir='ltr'>pe-</span> 
     </span>
     <span class='ocr_line' id='line_1_15' title="bbox 404 1255 1757 1315; baseline -0.006 -12"><span class='ocrx_word' id='word_1_136' title='bbox 404 1276 514 1310; x_wconf 86' lang='lat' dir='ltr'>core,</span> <span class='ocrx_word' id='word_1_137' title='bbox 540 1262 642 1315; x_wconf 89' lang='lat' dir='ltr'>quia</span> <span class='ocrx_word' id='word_1_138' title='bbox 666 1262 719 1302; x_wconf 90' lang='lat' dir='ltr'>ab</span> <span class='ocrx_word' id='word_1_139' title='bbox 743 1275 790 1302; x_wconf 81' lang='lat' dir='ltr'>eo</span> <span class='ocrx_word' id='word_1_140' title='bbox 814 1261 987 1301; x_wconf 82' lang='lat' dir='ltr'>initium</span> <span class='ocrx_word' id='word_1_141' title='bbox 1012 1260 1103 1300; x_wconf 89' lang='lat' dir='ltr'>eius</span> <span class='ocrx_word' id='word_1_142' title='bbox 1131 1259 1295 1300; x_wconf 86' lang='lat' dir='ltr'>fraudis</span> <span class='ocrx_word' id='word_1_143' title='bbox 1318 1272 1409 1300; x_wconf 89' lang='lat' dir='ltr'>esse</span> <span class='ocrx_word' id='word_1_144' title='bbox 1444 1259 1569 1311; x_wconf 79' lang='lat' dir='ltr'>cepit,</span> <span class='ocrx_word' id='word_1_145' title='bbox 1591 1263 1607 1299; x_wconf 77' lang='lat'>†</span> <span class='ocrx_word' id='word_1_146' title='bbox 1627 1255 1757 1308; x_wconf 89' lang='lat' dir='ltr'>siqui—</span> 
     </span>
     <span class='ocr_line' id='line_1_16' title="bbox 333 1333 1761 1390; baseline -0.005 -10"><span class='ocrx_word' id='word_1_147' title='bbox 333 1353 368 1376; x_wconf 82' lang='lat'>15</span> <span class='ocrx_word' id='word_1_148' title='bbox 405 1339 500 1381; x_wconf 89' lang='lat' dir='ltr'>dem</span> <span class='ocrx_word' id='word_1_149' title='bbox 546 1342 647 1379; x_wconf 87' lang='lat' dir='ltr'>ante</span> <span class='ocrx_word' id='word_1_150' title='bbox 692 1352 764 1379; x_wconf 87' lang='lat' dir='ltr'>aes</span> <span class='ocrx_word' id='word_1_151' title='bbox 817 1340 891 1378; x_wconf 81' lang='lat' dir='ltr'>aut</span> <span class='ocrx_word' id='word_1_152' title='bbox 944 1339 1173 1390; x_wconf 77' lang='lat' dir='ltr'>argentum</span> <span class='ocrx_word' id='word_1_153' title='bbox 1223 1337 1441 1388; x_wconf 85' lang='lat' dir='ltr'>signatum</span> <span class='ocrx_word' id='word_1_154' title='bbox 1495 1335 1550 1375; x_wconf 90' lang='lat' dir='ltr'>ob</span> <span class='ocrx_word' id='word_1_155' title='bbox 1605 1333 1761 1374; x_wconf 84' lang='lat' dir='ltr'>delicta</span> 
     </span>
     <span class='ocr_line' id='line_1_17' title="bbox 404 1409 1760 1470; baseline -0.005 -13"><span class='ocrx_word' id='word_1_156' title='bbox 404 1430 541 1470; x_wconf 77' lang='lat' dir='ltr'>poena</span> <span class='ocrx_word' id='word_1_157' title='bbox 606 1415 860 1468; x_wconf 85' lang='lat' dir='ltr'>gravissima</span> <span class='ocrx_word' id='word_1_158' title='bbox 925 1416 1015 1455; x_wconf 81' lang='lat' dir='ltr'>erat</span> <span class='ocrx_word' id='word_1_159' title='bbox 1079 1413 1265 1454; x_wconf 83' lang='lat' dir='ltr'>duarum</span> <span class='ocrx_word' id='word_1_160' title='bbox 1332 1414 1479 1453; x_wconf 85' lang='lat' dir='ltr'>ovium</span> <span class='ocrx_word' id='word_1_161' title='bbox 1549 1413 1589 1452; x_wconf 79' lang='lat' dir='ltr'>et</span> <span class='ocrx_word' id='word_1_162' title='bbox 1641 1409 1760 1450; x_wconf 75' lang='lat' dir='ltr'>XXX</span> 
     </span>
     <span class='ocr_line' id='line_1_18' title="bbox 406 1488 1760 1543; baseline -0.004 -11"><span class='ocrx_word' id='word_1_163' title='bbox 406 1493 580 1534; x_wconf 77' lang='lat' dir='ltr'>bovum.</span> <span class='ocrx_word' id='word_1_164' title='bbox 617 1506 667 1532; x_wconf 72' lang='lat' dir='ltr'>ea</span> <span class='ocrx_word' id='word_1_165' title='bbox 696 1492 791 1543; x_wconf 87' lang='lat' dir='ltr'>lege</span> <span class='ocrx_word' id='word_1_166' title='bbox 820 1498 837 1525; x_wconf 64' lang='lat'>4</span> <span class='ocrx_word' id='word_1_167' title='bbox 864 1492 1102 1532; x_wconf 54' lang='lat' dir='ltr'>sanxerunt</span> <span class='ocrx_word' id='word_1_168' title='bbox 1124 1492 1168 1531; x_wconf 88' lang='lat' dir='ltr'>T.</span> <span class='ocrx_word' id='word_1_169' title='bbox 1193 1489 1426 1530; x_wconf 86' lang='lat' dir='ltr'>Menonius</span> <span class='ocrx_word' id='word_1_170' title='bbox 1456 1495 1471 1521; x_wconf 50' lang='grc' dir='ltr'>ἐι</span> <span class='ocrx_word' id='word_1_171' title='bbox 1500 1488 1695 1529; x_wconf 89' lang='lat' dir='ltr'>Lanatus</span> <span class='ocrx_word' id='word_1_172' title='bbox 1719 1489 1760 1527; x_wconf 85' lang='lat' dir='ltr'>et</span> 
     </span>
     <span class='ocr_line' id='line_1_19' title="bbox 407 1565 1759 1622; baseline -0.004 -12"><span class='ocrx_word' id='word_1_173' title='bbox 407 1570 452 1610; x_wconf 89' lang='lat' dir='ltr'>P.</span> <span class='ocrx_word' id='word_1_174' title='bbox 488 1568 652 1610; x_wconf 81' lang='lat' dir='ltr'>Sestius</span> <span class='ocrx_word' id='word_1_175' title='bbox 691 1568 963 1622; x_wconf 87' lang='lat' dir='ltr'>Capitolinus</span> <span class='ocrx_word' id='word_1_176' title='bbox 1007 1581 1094 1608; x_wconf 88' lang='lat' dir='ltr'>cos.</span> <span class='ocrx_word' id='word_1_177' title='bbox 1139 1581 1248 1620; x_wconf 86' lang='lat' dir='ltr'>quae</span> <span class='ocrx_word' id='word_1_178' title='bbox 1287 1565 1486 1620; x_wconf 78' lang='lat' dir='ltr'>pecudes,</span> <span class='ocrx_word' id='word_1_179' title='bbox 1523 1568 1759 1618; x_wconf 89' lang='lat' dir='ltr'>postquam</span> 
     </span>
     <span class='ocr_line' id='line_1_20' title="bbox 406 1641 1743 1698; baseline -0.005 -11"><span class='ocrx_word' id='word_1_180' title='bbox 406 1659 504 1687; x_wconf 84' lang='lat' dir='ltr'>aere</span> <span class='ocrx_word' id='word_1_181' title='bbox 572 1645 741 1698; x_wconf 81' lang='lat' dir='ltr'>signato</span> <span class='ocrx_word' id='word_1_182' title='bbox 808 1646 870 1685; x_wconf 87' lang='lat' dir='ltr'>uti</span> <span class='ocrx_word' id='word_1_183' title='bbox 939 1644 1080 1697; x_wconf 86' lang='lat' dir='ltr'>coepit</span> <span class='ocrx_word' id='word_1_184' title='bbox 1148 1644 1190 1684; x_wconf 92' lang='lat' dir='ltr'>P.</span> <span class='ocrx_word' id='word_1_185' title='bbox 1266 1644 1331 1690; x_wconf 68' lang='lat' dir='ltr'>R„</span> <span class='ocrx_word' id='word_1_186' title='bbox 1401 1643 1583 1696; x_wconf 83' lang='lat' dir='ltr'>Tarpeia</span> <span class='ocrx_word' id='word_1_187' title='bbox 1652 1641 1743 1693; x_wconf 85' lang='lat' dir='ltr'>lege</span> 
     </span>
     <span class='ocr_line' id='line_1_21' title="bbox 331 1717 1759 1770; baseline -0.006 -6"><span class='ocrx_word' id='word_1_188' title='bbox 331 1740 371 1764; x_wconf 85' lang='lat'>20</span> <span class='ocrx_word' id='word_1_189' title='bbox 408 1725 584 1764; x_wconf 75' lang='lat' dir='ltr'>cautum</span> <span class='ocrx_word' id='word_1_190' title='bbox 609 1726 684 1770; x_wconf 83' lang='lat' dir='ltr'>est,</span> <span class='ocrx_word' id='word_1_191' title='bbox 710 1725 757 1763; x_wconf 87' lang='lat' dir='ltr'>ut</span> <span class='ocrx_word' id='word_1_192' title='bbox 779 1721 858 1762; x_wconf 87' lang='lat' dir='ltr'>bos</span> <span class='ocrx_word' id='word_1_193' title='bbox 882 1720 1153 1769; x_wconf 83' lang='lat' dir='ltr'>centusibus,</span> <span class='ocrx_word' id='word_1_194' title='bbox 1178 1719 1270 1760; x_wconf 83' lang='lat' dir='ltr'>ovis</span> <span class='ocrx_word' id='word_1_195' title='bbox 1306 1719 1537 1760; x_wconf 89' lang='lat' dir='ltr'>decusibus</span> <span class='ocrx_word' id='word_1_196' title='bbox 1561 1717 1759 1759; x_wconf 84' lang='lat' dir='ltr'>aestima-</span> 
     </span>
     <span class='ocr_line' id='line_1_22' title="bbox 404 1793 1760 1853; baseline -0.005 -13"><span class='ocrx_word' id='word_1_197' title='bbox 404 1803 536 1840; x_wconf 80' lang='lat' dir='ltr'>retur.</span> <span class='ocrx_word' id='word_1_198' title='bbox 591 1797 611 1853; x_wconf 84' lang='grc' dir='ltr'>ΙΙ</span> <span class='ocrx_word' id='word_1_199' title='bbox 633 1798 841 1838; x_wconf 88' lang='lat' dir='ltr'>Potitium</span> <span class='ocrx_word' id='word_1_200' title='bbox 865 1800 905 1838; x_wconf 87' lang='lat' dir='ltr'>et</span> <span class='ocrx_word' id='word_1_201' title='bbox 928 1796 1151 1837; x_wconf 83' lang='lat' dir='ltr'>Pinarium</span> <span class='ocrx_word' id='word_1_202' title='bbox 1182 1795 1401 1844; x_wconf 83' lang='lat' dir='ltr'>Hercules,</span> <span class='ocrx_word' id='word_1_203' title='bbox 1427 1809 1525 1835; x_wconf 89' lang='lat' dir='ltr'>cum</span> <span class='ocrx_word' id='word_1_204' title='bbox 1549 1793 1603 1834; x_wconf 88' lang='lat' dir='ltr'>ad</span> <span class='ocrx_word' id='word_1_205' title='bbox 1626 1807 1760 1842; x_wconf 88' lang='lat' dir='ltr'>aram,</span> 
     </span>
     <span class='ocr_line' id='line_1_23' title="bbox 406 1871 1760 1928; baseline -0.005 -12"><span class='ocrx_word' id='word_1_206' title='bbox 406 1889 515 1928; x_wconf 87' lang='lat' dir='ltr'>quae</span> <span class='ocrx_word' id='word_1_207' title='bbox 554 1874 767 1927; x_wconf 82' lang='lat' dir='ltr'>hodieque</span> <span class='ocrx_word' id='word_1_208' title='bbox 804 1874 992 1914; x_wconf 77' lang='lat' dir='ltr'>maxima</span> <span class='ocrx_word' id='word_1_209' title='bbox 1032 1873 1291 1926; x_wconf 77' lang='lat' dir='ltr'>appellatur,</span> <span class='ocrx_word' id='word_1_210' title='bbox 1331 1872 1544 1912; x_wconf 86' lang='lat' dir='ltr'>decimam</span> <span class='ocrx_word' id='word_1_211' title='bbox 1583 1871 1760 1917; x_wconf 89' lang='lat' dir='ltr'>bovum,</span> 
     </span>
     <span class='ocr_line' id='line_1_24' title="bbox 408 1947 1760 2005; baseline -0.005 -13"><span class='ocrx_word' id='word_1_212' title='bbox 408 1966 514 2005; x_wconf 85' lang='lat' dir='ltr'>quos</span> <span class='ocrx_word' id='word_1_213' title='bbox 597 1966 621 1991; x_wconf 82' lang='lat' dir='ltr'>a</span> <span class='ocrx_word' id='word_1_214' title='bbox 704 1950 904 2004; x_wconf 65' lang='lat' dir='ltr'>Geryone</span> <span class='ocrx_word' id='word_1_215' title='bbox 1008 1949 1216 1991; x_wconf 74' lang='lat' dir='ltr'>abductos</span> <span class='ocrx_word' id='word_1_216' title='bbox 1288 1949 1502 2002; x_wconf 78' lang='lat' dir='ltr'>abigebat.</span> <span class='ocrx_word' id='word_1_217' title='bbox 1526 1954 1543 1980; x_wconf 55' lang='lat'><em>4</em></span> <span class='ocrx_word' id='word_1_218' title='bbox 1625 1947 1760 1999; x_wconf 73' lang='lat' dir='ltr'>Argos</span> 
     </span>
     <span class='ocr_line' id='line_1_25' title="bbox 407 2024 1760 2082; baseline -0.004 -13"><span class='ocrx_word' id='word_1_219' title='bbox 407 2030 454 2069; x_wconf 91' lang='lat' dir='ltr'>in</span> <span class='ocrx_word' id='word_1_220' title='bbox 476 2028 675 2082; x_wconf 68' lang='lat' dir='ltr'>patriam,</span> <span class='ocrx_word' id='word_1_221' title='bbox 702 2028 906 2081; x_wconf 80' lang='lat' dir='ltr'>profanas</span> <span class='ocrx_word' id='word_1_222' title='bbox 930 2037 945 2073; x_wconf 52' lang='grc' dir='ltr'>ἦν</span> <span class='ocrx_word' id='word_1_223' title='bbox 974 2027 1187 2079; x_wconf 87' lang='lat' dir='ltr'>sedgenus</span> <span class='ocrx_word' id='word_1_224' title='bbox 1204 2032 1221 2057; x_wconf 53' lang='lat'><em>4</em></span> <span class='ocrx_word' id='word_1_225' title='bbox 1245 2025 1426 2067; x_wconf 84' lang='lat' dir='ltr'>sacrifici</span> <span class='ocrx_word' id='word_1_226' title='bbox 1449 2024 1630 2065; x_wconf 84' lang='lat' dir='ltr'>edocuit.</span> <span class='ocrx_word' id='word_1_227' title='bbox 1651 2036 1760 2076; x_wconf 87' lang='lat' dir='ltr'>quae</span> 
     </span>
     <span class='ocr_line' id='line_1_26' title="bbox 333 2100 1761 2157; baseline -0.005 -11"><span class='ocrx_word' id='word_1_228' title='bbox 333 2128 370 2152; x_wconf 80' lang='lat'>25</span> <span class='ocrx_word' id='word_1_229' title='bbox 406 2105 575 2146; x_wconf 82' lang='lat' dir='ltr'>familia</span> <span class='ocrx_word' id='word_1_230' title='bbox 614 2107 654 2145; x_wconf 82' lang='lat' dir='ltr'>et</span> <span class='ocrx_word' id='word_1_231' title='bbox 691 2104 853 2157; x_wconf 86' lang='lat' dir='ltr'>posteri</span> <span class='ocrx_word' id='word_1_232' title='bbox 893 2104 983 2144; x_wconf 83' lang='lat' dir='ltr'>eius</span> <span class='ocrx_word' id='word_1_233' title='bbox 1022 2116 1112 2144; x_wconf 89' lang='lat' dir='ltr'>non</span> <span class='ocrx_word' id='word_1_234' title='bbox 1153 2102 1383 2143; x_wconf 78' lang='lat' dir='ltr'>defuerunt</span> <span class='ocrx_word' id='word_1_235' title='bbox 1426 2100 1761 2142; x_wconf 82' lang='lat' dir='ltr'>decumantibus</span> 
     </span>
     <span class='ocr_line' id='line_1_27' title="bbox 408 2177 1763 2235; baseline -0.004 -13"><span class='ocrx_word' id='word_1_236' title='bbox 408 2195 546 2235; x_wconf 75' lang='lat' dir='ltr'>usque</span> <span class='ocrx_word' id='word_1_237' title='bbox 565 2181 619 2222; x_wconf 83' lang='lat' dir='ltr'>ad</span> <span class='ocrx_word' id='word_1_238' title='bbox 639 2181 829 2234; x_wconf 85' lang='lat' dir='ltr'>Appium</span> <span class='ocrx_word' id='word_1_239' title='bbox 845 2179 1078 2221; x_wconf 86' lang='lat' dir='ltr'>Claudium</span> <span class='ocrx_word' id='word_1_240' title='bbox 1095 2179 1342 2228; x_wconf 86' lang='lat' dir='ltr'>Censorem,</span> <span class='ocrx_word' id='word_1_241' title='bbox 1357 2181 1428 2232; x_wconf 89' lang='lat' dir='ltr'>qui</span> <span class='ocrx_word' id='word_1_242' title='bbox 1446 2177 1763 2231; x_wconf 83' lang='lat' dir='ltr'>quinquaginta</span> 
     </span>
     <span class='ocr_line' id='line_1_28' title="bbox 409 2253 1761 2309; baseline -0.004 -11"><span class='ocrx_word' id='word_1_243' title='bbox 409 2258 547 2298; x_wconf 84' lang='lat' dir='ltr'>millia</span> <span class='ocrx_word' id='word_1_244' title='bbox 591 2258 701 2298; x_wconf 85' lang='lat' dir='ltr'>aeris</span> <span class='ocrx_word' id='word_1_245' title='bbox 749 2258 891 2309; x_wconf 81' lang='lat' dir='ltr'>gravis</span> <span class='ocrx_word' id='word_1_246' title='bbox 944 2256 1009 2296; x_wconf 78' lang='lat' dir='ltr'>his</span> <span class='ocrx_word' id='word_1_247' title='bbox 1063 2255 1231 2296; x_wconf 81' lang='lat' dir='ltr'>deditus</span> <span class='ocrx_word' id='word_1_248' title='bbox 1290 2262 1306 2285; x_wconf 60' lang='lat'>4</span> <span class='ocrx_word' id='word_1_249' title='bbox 1363 2268 1510 2296; x_wconf 87' lang='lat' dir='ltr'>servos</span> <span class='ocrx_word' id='word_1_250' title='bbox 1562 2253 1761 2306; x_wconf 83' lang='lat' dir='ltr'>publicos</span> 
     </span>
     <span class='ocr_line' id='line_1_29' title="bbox 410 2330 1762 2385; baseline -0.004 -11"><span class='ocrx_word' id='word_1_251' title='bbox 410 2333 642 2374; x_wconf 86' lang='lat' dir='ltr'>edocerent</span> <span class='ocrx_word' id='word_1_252' title='bbox 683 2335 813 2374; x_wconf 88' lang='lat' dir='ltr'>ritum</span> <span class='ocrx_word' id='word_1_253' title='bbox 857 2332 1152 2373; x_wconf 82' lang='lat' dir='ltr'>sacrificandi:</span> <span class='ocrx_word' id='word_1_254' title='bbox 1198 2345 1282 2385; x_wconf 89' lang='lat' dir='ltr'>quo</span> <span class='ocrx_word' id='word_1_255' title='bbox 1325 2332 1437 2373; x_wconf 84' lang='lat' dir='ltr'>facto</span> <span class='ocrx_word' id='word_1_256' title='bbox 1480 2330 1624 2379; x_wconf 88' lang='lat' dir='ltr'>Potiti,</span> <span class='ocrx_word' id='word_1_257' title='bbox 1663 2342 1762 2369; x_wconf 83' lang='lat' dir='ltr'>cum</span> 
     </span>
     <span class='ocr_line' id='line_1_30' title="bbox 410 2408 1761 2457; baseline -0.004 -7"><span class='ocrx_word' id='word_1_258' title='bbox 410 2413 556 2451; x_wconf 71' lang='lat' dir='ltr'>essent</span> <span class='ocrx_word' id='word_1_259' title='bbox 603 2425 652 2450; x_wconf 70' lang='lat' dir='ltr'>ex</span> <span class='ocrx_word' id='word_1_260' title='bbox 700 2409 860 2450; x_wconf 76' lang='lat' dir='ltr'>familia</span> <span class='ocrx_word' id='word_1_261' title='bbox 903 2422 1086 2449; x_wconf 90' lang='lat' dir='ltr'>numero</span> <span class='ocrx_word' id='word_1_262' title='bbox 1141 2408 1391 2457; x_wconf 80' lang='lat' dir='ltr'>duodecim,</span> <span class='ocrx_word' id='word_1_263' title='bbox 1436 2420 1588 2448; x_wconf 89' lang='lat' dir='ltr'>omnes</span> <span class='ocrx_word' id='word_1_264' title='bbox 1630 2408 1761 2446; x_wconf 88' lang='lat' dir='ltr'>inter-</span> 
     </span>
     <span class='ocr_line' id='line_1_31' title="bbox 335 2482 1764 2537; baseline -0.002 -12"><span class='ocrx_word' id='word_1_265' title='bbox 335 2502 373 2526; x_wconf 86' lang='lat'>30</span> <span class='ocrx_word' id='word_1_266' title='bbox 409 2491 532 2527; x_wconf 82' lang='lat' dir='ltr'>erant</span> <span class='ocrx_word' id='word_1_267' title='bbox 570 2493 586 2520; x_wconf 60' lang='lat'>4</span> <span class='ocrx_word' id='word_1_268' title='bbox 626 2486 739 2526; x_wconf 81' lang='lat' dir='ltr'>intra</span> <span class='ocrx_word' id='word_1_269' title='bbox 781 2485 895 2526; x_wconf 89' lang='lat' dir='ltr'>diem</span> <span class='ocrx_word' id='word_1_270' title='bbox 938 2484 1071 2525; x_wconf 72' lang='lat' dir='ltr'>XXX.</span> <span class='ocrx_word' id='word_1_271' title='bbox 1116 2484 1314 2525; x_wconf 82' lang='lat' dir='ltr'>Pinarius</span> <span class='ocrx_word' id='word_1_272' title='bbox 1353 2483 1468 2537; x_wconf 89' lang='lat' dir='ltr'>quod</span> <span class='ocrx_word' id='word_1_273' title='bbox 1501 2496 1590 2523; x_wconf 88' lang='lat' dir='ltr'>non</span> <span class='ocrx_word' id='word_1_274' title='bbox 1626 2482 1764 2523; x_wconf 87' lang='lat' dir='ltr'>adfuit</span> 
     </span>
     <span class='ocr_line' id='line_1_32' title="bbox 410 2561 1762 2615; baseline -0.004 -12"><span class='ocrx_word' id='word_1_275' title='bbox 410 2562 635 2610; x_wconf 83' lang='lat' dir='ltr'>sacrific-io,</span> <span class='ocrx_word' id='word_1_276' title='bbox 658 2566 807 2615; x_wconf 86' lang='lat' dir='ltr'>pestea</span> <span class='ocrx_word' id='word_1_277' title='bbox 827 2569 844 2595; x_wconf 59' lang='lat'><em>4</em></span> <span class='ocrx_word' id='word_1_278' title='bbox 863 2564 1038 2603; x_wconf 78' lang='lat' dir='ltr'>cautum</span> <span class='ocrx_word' id='word_1_279' title='bbox 1062 2564 1137 2611; x_wconf 77' lang='lat' dir='ltr'>est,</span> <span class='ocrx_word' id='word_1_280' title='bbox 1153 2575 1207 2601; x_wconf 91' lang='lat' dir='ltr'>ne</span> <span class='ocrx_word' id='word_1_281' title='bbox 1225 2561 1321 2613; x_wconf 86' lang='lat' dir='ltr'>quis</span> <span class='ocrx_word' id='word_1_282' title='bbox 1344 2561 1618 2601; x_wconf 84' lang='lat' dir='ltr'>Pinariorum</span> <span class='ocrx_word' id='word_1_283' title='bbox 1642 2573 1690 2600; x_wconf 74' lang='lat' dir='ltr'>ex</span> <span class='ocrx_word' id='word_1_284' title='bbox 1713 2571 1762 2599; x_wconf 92' lang='lat' dir='ltr'>eo</span> 
     </span>
     <span class='ocr_line' id='line_1_33' title="bbox 412 2635 1760 2694; baseline -0.003 -15"><span class='ocrx_word' id='word_1_285' title='bbox 412 2639 618 2680; x_wconf 74' lang='lat' dir='ltr'>sacrificio</span> <span class='ocrx_word' id='word_1_286' title='bbox 643 2642 896 2680; x_wconf 85' lang='lat' dir='ltr'>vesceretur.</span> <span class='ocrx_word' id='word_1_287' title='bbox 1032 2636 1050 2694; x_wconf 86' lang='grc' dir='ltr'>ΙΙ</span> <span class='ocrx_word' id='word_1_288' title='bbox 1074 2638 1221 2679; x_wconf 90' lang='lat' dir='ltr'>Plebei</span> <span class='ocrx_word' id='word_1_289' title='bbox 1242 2643 1259 2682; x_wconf 61' lang='grc' dir='ltr'>*Γ</span> <span class='ocrx_word' id='word_1_290' title='bbox 1285 2636 1578 2690; x_wconf 74' lang='lat' dir='ltr'>epudicitiae†</span> <span class='ocrx_word' id='word_1_291' title='bbox 1604 2635 1760 2676; x_wconf 84' lang='lat' dir='ltr'>saccel-</span> 
     </span>
     <span class='ocr_line' id='line_1_34' title="bbox 412 2712 1760 2768; baseline -0.002 -14"><span class='ocrx_word' id='word_1_292' title='bbox 412 2715 506 2754; x_wconf 84' lang='lat' dir='ltr'>lum</span> <span class='ocrx_word' id='word_1_293' title='bbox 522 2721 538 2761; x_wconf 74' lang='lat'>†</span> <span class='ocrx_word' id='word_1_294' title='bbox 555 2718 600 2755; x_wconf 88' lang='lat' dir='ltr'>in</span> <span class='ocrx_word' id='word_1_295' title='bbox 615 2715 706 2756; x_wconf 85' lang='lat' dir='ltr'>vico</span> <span class='ocrx_word' id='word_1_296' title='bbox 721 2715 872 2768; x_wconf 89' lang='lat' dir='ltr'>Longo</span> <span class='ocrx_word' id='word_1_297' title='bbox 890 2718 965 2764; x_wconf 74' lang='lat' dir='ltr'>est,</span> <span class='ocrx_word' id='word_1_298' title='bbox 984 2715 1114 2768; x_wconf 81' lang='lat' dir='ltr'>quod,</span> <span class='ocrx_word' id='word_1_299' title='bbox 1132 2727 1231 2754; x_wconf 89' lang='lat' dir='ltr'>cum</span> <span class='ocrx_word' id='word_1_300' title='bbox 1247 2713 1451 2766; x_wconf 75' lang='lat' dir='ltr'>Verginia</span> <span class='ocrx_word' id='word_1_301' title='bbox 1465 2712 1619 2765; x_wconf 76' lang='lat' dir='ltr'>patrici</span> <span class='ocrx_word' id='word_1_302' title='bbox 1634 2724 1760 2764; x_wconf 88' lang='lat' dir='ltr'>gene-</span> 
     </span>
     <span class='ocr_line' id='line_1_35' title="bbox 410 2788 1762 2842; baseline -0.002 -12"><span class='ocrx_word' id='word_1_303' title='bbox 410 2791 467 2830; x_wconf 84' lang='lat' dir='ltr'>ris</span> <span class='ocrx_word' id='word_1_304' title='bbox 525 2791 713 2840; x_wconf 87' lang='lat' dir='ltr'>femina,</span> <span class='ocrx_word' id='word_1_305' title='bbox 757 2792 954 2832; x_wconf 84' lang='lat' dir='ltr'>convivio</span> <span class='ocrx_word' id='word_1_306' title='bbox 1001 2797 1018 2837; x_wconf 52' lang='grc' dir='ltr'>’γ</span> <span class='ocrx_word' id='word_1_307' title='bbox 1067 2791 1180 2831; x_wconf 85' lang='lat' dir='ltr'>facto</span> <span class='ocrx_word' id='word_1_308' title='bbox 1225 2790 1337 2830; x_wconf 85' lang='lat' dir='ltr'>inter</span> <span class='ocrx_word' id='word_1_309' title='bbox 1391 2792 1533 2842; x_wconf 84' lang='lat' dir='ltr'>patres</span> <span class='ocrx_word' id='word_1_310' title='bbox 1590 2790 1631 2828; x_wconf 92' lang='lat' dir='ltr'>et</span> <span class='ocrx_word' id='word_1_311' title='bbox 1671 2788 1762 2841; x_wconf 90' lang='lat' dir='ltr'>ple-</span> 
     </span>
    </p>
   </div>
  </div>
 </body>
</html>
