2072 3222
354 125 439 165 ⁹284:
501 137 557 166 QU.
580 136 629 161 XI.
652 134 693 161 ἐξ).
742 136 863 163 FEs'H
878 136 1036 163 FRAGM.
1052 137 1078 163 Ε
1094 136 1183 163 COD.
1200 135 1324 163 FARN.
1341 136 1379 163 L.
1395 135 1478 162 XVI.
1674 135 1703 157 P.
1725 132 1777 158 2⁹29
1797 133 1835 158 M.

424 252 572 306 procul
595 254 695 293 sint.
761 249 779 306 ΙΙ
802 251 1061 292 Provorsum
1084 250 1230 303 fulgur
1264 250 1523 304 appellatur,
1562 249 1681 303 quod
1715 250 1834 303 igno-

424 331 544 370 ratur
590 330 723 369 noctu
770 341 826 368 an
872 326 1061 369 interdiu
1107 327 1161 368 sit
1204 328 1379 368 factum.
1427 327 1572 380 itaque
1617 326 1709 367 Iovi
1755 326 1838 366 ful-

423 405 520 458 guri
564 406 605 445 et
657 403 901 445 Summano
954 403 1016 452 fit,
1069 402 1186 457 quod
1239 402 1394 444 diurna
1446 402 1571 451 Iovis,
1623 405 1839 443 nocturna

424 481 655 523 Summani
716 480 890 534 fulgura
958 480 1190 521 habentur.
1349 477 1367 534 ΙΙ
1401 479 1689 532 Propatulum
1752 479 1837 520 late

372 576 386 599 5
421 561 576 612 patens
609 559 739 611 atque
772 559 983 611 apertum,
1019 559 1060 598 et
1091 557 1228 610 patuli
1269 557 1410 605 boves,
1459 569 1643 609 quorum
1676 569 1837 596 cornua

353 952 387 977 10

352 1339 384 1363 15

355 1717 390 1741 20

423 635 468 675 in
502 634 720 675 diversum
765 647 895 687 super
939 633 1121 674 modum
1164 636 1329 686 patent.
1395 630 1413 686 ΙΙ
1447 632 1705 686 Propriassit
1743 645 1837 685 pro-

423 712 566 764 prium
610 711 770 751 fecerit.
857 708 876 765 ΙΙ
922 710 1136 764 Proper-us
1182 710 1384 763 antiquos
1431 708 1600 757 dixisse,
1647 721 1724 761 pro
1774 722 1839 749 ce-

423 788 513 835 ler,
597 787 847 828 testimonio
932 790 996 827 est
1059 787 1281 840 qualitatis
1374 784 1644 834 adverbium,
1724 784 1840 838 quod

424 866 488 905 est
529 877 725 917 propere.
791 861 809 918 ΙΙ
842 863 1083 916 Prophetas
1127 864 1173 902 in
1218 862 1403 904 Adrasto
1450 862 1587 902 Iulius
1637 862 1838 902 nominat

423 941 635 982 antistites
649 940 864 989 fanorum,
883 940 1248 993 oraculorumque
1264 940 1547 993 inte1·pretes;
1579 953 1700 979 «cum
1725 939 1838 992 capi—

422 1020 464 1059 ta
528 1017 652 1058 viridi
715 1018 838 1058 lauro
902 1017 1043 1058 velare
1107 1019 1314 1070 inperant
1375 1016 1627 1069 prophetae,
1690 1018 1838 1057 sancta

423 1095 522 1142 ita†
555 1097 669 1135 caste
708 1097 779 1148 qui
813 1097 977 1147 purant
1011 1108 1170 1135 sacra.»
1211 1092 1228 1149 ΙΙ
1265 1095 1446 1146 Propter
1480 1093 1594 1134 viam
1629 1095 1675 1134 fit
1710 1093 1837 1134 sacri-

424 1170 585 1220 ficium,
603 1171 720 1224 quod
736 1174 799 1212 est
813 1170 1118 1224 proficiscendi
1133 1171 1284 1223 gratia,
1301 1170 1481 1210 Herculi
1508 1173 1581 1210 aut
1609 1170 1750 1211 Sanco
1766 1170 1840 1222 qui

423 1248 584 1289 scilicet
615 1248 730 1288 idem
765 1250 830 1289 est
863 1247 981 1288 deus,
1018 1245 1036 1302 Η
1073 1247 1274 1299 Prodigia
1311 1246 1425 1300 quod
1467 1246 1731 1300 prodicuntl·
1774 1249 1837 1287 fu-

420 1326 529 1372 tura,
592 1324 914 1378 permutatione
980 1338 1017 1376 ξς.
1094 1324 1261 1372 litterae,
1352 1337 1455 1365 nam
1546 1338 1638 1377 quz'e
1719 1337 1837 1364 nunc

425 1416 458 1442 c.
524 1402 787 1454 appellatur,⁸
851 1401 905 1441 ab
965 1401 1155 1454 antiquis
1209 1414 1246 1451 g.
1298 1401 1542 1441 vocabatur.
1607 1398 1625 1454 ΙΙ
1652 1399 1839 1449 Produit,

425 1492 551 1532 porro
617 1477 797 1527 dederit,
860 1481 907 1519 ut
970 1480 1033 1519 est
1096 1478 1141 1517 in
1206 1478 1297 1530 lege
1377 1476 1604 1517 Censoria:
1689 1477 1839 1531 «porti-

425 1569 523 1596 cum
557 1558 718 1596 sartam
751 1556 996 1608 tectamque
1020 1554 1196 1604 habeto,
1220 1555 1428 1608 prodito.»
1463 1554 1568 1595 alias
1592 1553 1839 1607 prodiderit.

425 1630 444 1688 ΙΙ
478 1632 745 1685 Prodegeris,
820 1634 1167 1685 consumpseriS,
1244 1631 1502 1685 perdideris,
1582 1633 1629 1671 ut
1711 1629 1836 1671 chi-

425 1709 508 1750 lius
540 1710 586 1749 in
620 1709 789 1762 Hymni
817 1714 861 1755 †:
914 1708 1163 1761 «prodigere
1198 1711 1274 1757 est,
1310 1721 1408 1748 cum
1442 1707 1554 1747 nihil
1587 1706 1763 1753 habeas,
1796 1709 1837 1746 te

426 1785 603 1825 inridier
625 1791 682 1832 †.»
723 1788 764 1825 et
806 1785 988 1825 Plautus
1026 1785 1069 1824 in
1122 1784 1400 1825 Nervolaria:
1453 1782 1695 1837 «productw
1740 1795 1836 1835 pro-

426 1862 631 1916 digium†
685 1876 778 1902 esse
830 1868 928 1909 m.†
981 1865 1223 1903 amatorem
1278 1861 1492 1902 addecet.»
1553 1857 1840 1914 {lProdinunt

425 1938 656 1992 prodeunt,
720 1942 767 1979 ut
828 1938 1000 1979 Ennius
1054 1939 1229 1978 Annali.
1295 1938 1341 1978 L.
1406 1937 1506 1977 HL:
1575 1934 1838 1988 «prodinunt

425 2016 595 2064 famuli,
658 2017 751 2056 tum
816 2015 997 2057 candida
1061 2016 1230 2055 lumina
1295 2014 1480 2054 lucent.»
1562 2010 1580 2068 ΙΙ
1614 2012 1839 2060 Probrum,

425 2094 636 2145 stuprum,
671 2091 897 2144 flagitium,
933 2094 979 2132 ut
1011 2091 1164 2132 Accius
1208 2091 1251 2131 in
1286 2089 1574 2131 Hellenibus:
1627 2090 1725 2141 «qui
1757 2087 1839 2128 nisi

424 2169 648 2222 probrum,
703 2170 847 2210 omnia
903 2169 984 2210 alia
1050 2168 1256 2209 indelicta
1311 2168 1516 2209 estimant
1538 2172 1592 2208 †.»
1643 2164 1840 2206 Caecilius

426 2247 470 2286 in
503 2246 653 2286 Davo:
712 2259 785 2286 «ea
817 2248 911 2286 tum
946 2258 1179 2297 conpressa
1214 2244 1325 2296 parit
1369 2243 1469 2283 huic
1514 2255 1714 2295 puerum,
1759 2240 1841 2280 sibi

424 2322 670 2374 probrum.»
711 2320 729 2376 ΙΙ
753 2321 905 2362 Probri
927 2326 957 2369 †,
991 2320 1110 2361 velut
1142 2319 1327 2373 prohibi,
1356 2319 1427 2372 qui
1451 2332 1493 2358 se
1538 2316 1838 2370 deliquendo†

426 2397 672 2451 prohibent.
772 2395 789 2452 ΙΙ
813 2397 1132 2450 Prodigiatores
1215 2396 1463 2448 harispices,
1545 2393 1841 2447 prodigiorum

360 2491 373 2511 α.
429 2475 698 2527 interpretes.
906 2471 924 2528 ΙΙ
958 2473 1135 2514 Prodita
1155 2478 1197 2521 l,
1271 2472 1490 2512 memoriae
1553 2484 1680 2523 porro
1755 2468 1841 2518 dat,

428 2554 468 2592 et
530 2550 654 2598 fallit,
720 2550 822 2591 item
897 2564 947 2591 ex
1008 2550 1209 2590 interiore
1285 2549 1379 2589 loeo
1454 2546 1660 2600 procedit.
1738 2545 1839 2586 item

428 2626 582 2680 perdit,
630 2629 676 2666 ut
723 2626 893 2666 Ennius
946 2626 993 2666 L.
1042 2625 1153 2666 XVI.
1170 2640 1182 2664 .·
1242 2637 1355 2665 «non
1408 2625 1453 2663 in
1506 2621 1722 2675 sperando
1774 2635 1841 2661 cu-

428 2702 527 2756 pide
556 2716 645 2743 rem
670 2702 852 2756 prodere
877 2716 1136 2743 summam.»
1177 2700 1195 2757 Η
1219 2701 1433 2741 Punicum
1458 2699 1573 2753 quod
1597 2698 1843 2751 appellatur
