2072 3222
277 152 332 178 355
834 151 956 178 PAULI
979 150 1205 177 EXCERPTA.

278 269 517 310 “forrum
539 267 766 314 torridum,
790 265 973 307 aridum.

284 643 490 684 ‘Turma
526 644 721 695 equitum
756 641 884 689 dicta,
922 640 1045 694 quasi
1079 642 1245 687 terima,
1283 639 1398 692 quod
1432 642 1498 680 ter
1533 638 1631 679 deni

341 724 504 778 equites
549 739 597 765 ex
639 723 778 766 tribus
822 723 1023 764 tribubus
1066 723 1336 770 Titiensium,
1380 721 1631 769 Ramnium,

339 802 556 842 Lucerum
578 801 757 841 fiebant.
794 801 944 853 Itaque
979 800 1106 853 primi
1145 799 1416 852 singularum
1440 798 1632 839 decuria-

342 892 441 919 rum
465 877 720 919 decuriones
759 877 874 926 dicti,
897 877 968 928 qui
993 890 1041 917 ex
1064 890 1113 918 eo
1137 875 1317 927 singulis
1352 876 1508 916 turmis
1532 876 1634 915 sunt

342 956 595 996 etiamnunc
618 954 743 995 terni.

281 1031 509 1073 Torreri
544 1045 569 1072 a
608 1034 723 1072 torro
762 1030 995 1071 deductum
1028 1030 1197 1083 proprie
1234 1027 1448 1081 significat
1476 1027 1633 1067 siccare

348 1110 478 1161 atque
504 1108 733 1158 arefacere,
758 1106 830 1148 sed
853 1108 1109 1159 usurpatum
1134 1107 1197 1146 est
1218 1105 1304 1145 iam
1327 1117 1406 1157 pro
1430 1117 1497 1153 eo,
1520 1102 1633 1156 quod

343 1185 398 1226 sit
418 1184 517 1237 igne
540 1197 680 1225 urere.

283 1337 523 1379 Turrani
557 1336 731 1378 Etrusci
766 1336 866 1377 dicti
900 1349 925 1376 a
958 1336 1150 1376 Turreno
1194 1333 1299 1375 duce
1346 1333 1580 1386 Lydorum,
1610 1346 1635 1373 a

341 1414 464 1455 cuius
502 1414 641 1467 gentis
687 1412 906 1467 praecipua
967 1411 1221 1453 crudelitate
1275 1410 1407 1452 etiam
1453 1409 1632 1462 tyranni

342 1493 442 1531 sunt
465 1489 577 1530 dicti,

286 1872 542 1913 Torvitas
575 1886 599 1913 a
622 1870 779 1912 ferocia
801 1874 1026 1913 taurorum
1049 1872 1172 1922 quasi
1195 1870 1308 1910 tauri
1331 1868 1539 1909 acerbitas
1571 1869 1634 1907 est

342 1952 510 1990 vocata.

282 2176 561 2218 Turbelas
584 2176 701 2230 apud
723 2176 933 2217 Plautum
949 2176 1100 2217 turbas
1125 2173 1353 2227 significat.

284 2413 547 2454 Tutqum
569 2412 771 2452 dicebant
793 2411 1133 2453 Flaminicarum
1158 2410 1310 2462 eapitis
1330 2409 1634 2449 ornamentum

345 2490 456 2530 vitta
492 2501 714 2542 purpurea
745 2489 904 2529 innexa
937 2486 1127 2527 crinibus
1161 2488 1201 2526 et
1237 2485 1282 2525 in
1325 2483 1633 2525 altitudinem*

346 2568 600 2606 extructum.
639 2563 833 2604 Ennius:
865 2564 1089 2610 «Fictores,
1114 2562 1273 2614 Argeos
1308 2562 1349 2601 et
1381 2559 1630 2601 tutulatos.»

1697 1349 1730 1373 10
