2072 3222
337 137 420 178 270
652 151 775 178 PAULI
798 151 1012 179 EXCERPTA
1035 151 1089 178 Ex
1112 152 1195 179 ΜΒ.
1219 153 1347 179 POMP-
1370 153 1490 180 FEs'rI
1765 149 1818 177 220

405 266 688 306 Posticum
723 267 881 307 ostium
917 266 1071 308 dicitur
1104 268 1150 307 in
1173 268 1411 321 posteriore
1439 271 1559 321 parte
1582 268 1754 310 aedium.

466 342 668 384 Ceterum
691 343 861 396 antiqui
885 345 1015 384 etiam
1038 344 1232 385 vicinum
1249 344 1523 386 habit-antem
1542 345 1596 385 ad
1612 347 1755 398 poste-

463 421 621 459 riorem
653 422 824 472 partem
861 419 1020 460 aedium
1054 419 1115 461 sic
1149 421 1443 474 appellarunt.
1480 420 1679 474 Denique
1714 423 1756 461 et

465 509 557 548 quae
577 498 677 536 ante
696 509 776 537 nos
795 499 897 537 sunt
913 495 1072 546 αηῖίεα,
1093 499 1134 538 et
1153 510 1247 549 quae
1264 500 1364 550 post
1380 511 1460 537 nos
1479 500 1579 538 sunt
1593 495 1754 554 postica

354 590 368 612 5
465 572 683 622 dicuntur,
719 575 760 614 et
796 572 1016 614 dexteram
1052 572 1254 624 canticam,
1291 574 1511 616 sinistram
1544 572 1752 631 posticam

465 649 661 691 dicimus.
686 649 755 691 Sic
778 651 907 692 etiam
927 663 978 691 ea
996 650 1089 690 caeli
1106 664 1220 704 pars,
1253 665 1347 704 qua}
1377 651 1466 692 sole
1498 651 1758 692 inlustratur

464 725 517 766 ad
543 726 782 776 meridiem,
811 725 954 769 antica
982 728 1251 777 nominatur,
1288 741 1381 780 quie
1406 727 1461 768 ad
1494 728 1754 780 septentrio-

464 815 578 851 nem,
610 800 797 858 postica,
832 816 1091 856 rursumque
1127 803 1380 844 dividuntur
1405 803 1450 843 in
1474 802 1579 844 duas
1599 805 1756 856 partes,

464 880 677 919 orientem
701 881 829 932 atque
854 878 1138 920 occidentem.

332 969 364 994 10
398 954 687 1004 Palatium,
724 956 766 996 id
803 959 866 998 est
900 970 1028 998 mons
1062 957 1226 1005 Romae,
1263 957 1511 1010 appellatus
1537 960 1612 1004 est,
1639 956 1756 1009 quod

460 1032 521 1072 ibi
544 1046 676 1085 pecus
698 1047 882 1086 pascens
901 1033 1049 1074 balare
1069 1033 1354 1083 consueverit,
1372 1033 1439 1074 vel
1461 1033 1575 1086 quod
1592 1033 1756 1087 palare,

460 1109 519 1149 idi
535 1112 599 1150 est
614 1123 771 1160 errare,
788 1110 849 1150 ibi
863 1110 1052 1163 pecudes
1067 1111 1259 1151 solerent
1274 1125 1283 1157 3
1301 1111 1376 1150 alii
1388 1110 1503 1163 quod
1515 1109 1752 1163 ibiHyper-

461 1185 582 1226 borei
596 1186 688 1226 filia
701 1185 888 1227 Palanto
902 1186 1176 1236 habitaverit,
1188 1200 1281 1239 qua}
1292 1200 1340 1227 ex
1349 1186 1538 1227 Hercule
1548 1185 1756 1227 Latinum

459 1264 650 1316 peperit,
687 1263 762 1304 alii
797 1263 999 1313 eundem,
1039 1263 1154 1316 quod
1188 1263 1332 1304 Pallas
1368 1263 1427 1303 ibi
1463 1263 1661 1316 sepultus
1685 1264 1751 1310 sit,

332 1354 365 1379 15
460 1340 679 1381 zestimant
702 1339 930 1393 appellari.

403 1415 668 1457 Palmites
721 1417 875 1457 Vitium
932 1419 1154 1457 sarmenta
1209 1416 1504 1469 appellantur,
1548 1415 1663 1468 quod
1706 1415 1752 1455 in

460 1492 639 1534 modum
663 1492 912 1546 palmarum
931 1492 1229 1533 humanarum
1247 1493 1438 1545 virgulas
1457 1492 1580 1545 quasi
1599 1492 1754 1544 digitos

461 1569 608 1610 edunt.

327 1701 329 1703 ι
401 1644 667 1686 Palmulae
711 1645 993 1699 appellantur
1049 1648 1157 1686 remi
1202 1659 1226 1686 a
1269 1645 1553 1686 similitudine
1596 1658 1753 1686 manus

328 1714 366 1762 ⁵20
458 1722 673 1763 humanze.

401 1798 585 1839 Pallas
620 1799 817 1840 Minerva
853 1799 967 1841 dicta
1001 1802 1064 1841 est
1101 1799 1216 1852 quod
1239 1799 1483 1840 Pallantem
1518 1798 1755 1851 Gigantem

459 1876 734 1926 interfecerit,
749 1876 832 1925 vel,
846 1877 956 1916 sicut
969 1876 1199 1928 putabant,
1210 1875 1377 1928 quodin
1386 1875 1583 1916 Pallante
1592 1875 1753 1929 palude

460 1956 563 1993 nata
586 1956 661 1993 est.

401 2028 579 2080 Pappi
633 2027 891 2069 carduorum
940 2028 1081 2069 fiores.
1127 2028 1380 2069 Lucretius:
1432 2028 1630 2069 «Vestem
1673 2041 1752 2069 nec

329 2121 363 2145 25
457 2105 630 2157 plumas
654 2104 800 2145 avium
823 2117 1075 2157 papposque
1099 2104 1332 2146 volantes»

399 2179 629 2231 Papfflae
653 2180 847 2233 capitula
869 2193 1163 2220 mammarum
1189 2179 1326 2230 dictae,
1351 2179 1466 2232 quod
1489 2179 1752 2233 papularum

460 2259 546 2297 sint
575 2257 753 2298 similes.

400 2334 701 2385 Pauperies
725 2334 935 2374 damnum
961 2333 1128 2381 dicitur,
1154 2333 1267 2386 quod
1294 2333 1540 2386 quadrupes
1563 2333 1677 2374 facit.

399 2410 624 2462 Palpari
647 2410 852 2452 blandiri.

328 2504 364 2529 30
397 2486 671 2527 Pauciens
691 2486 896 2527 dicebant
912 2500 991 2540 pro
1009 2500 1123 2528 raro.
1143 2487 1359 2527 Titinnius
1378 2502 1386 2527 ε
1409 2504 1423 2523 (ι
1436 2487 1621 2528 Uxorem
1638 2500 1745 2539 pau-

461 2565 578 2603 ciens
596 2562 788 2604 videm.»

401 2638 584 2679 Panus
607 2639 709 2680 facit
731 2639 1051 2680 deminutivum
1073 2638 1312 2694 panucula.

401 2714 667 2755 Pandana
683 2717 846 2766 porta
864 2714 974 2756 dicta
994 2718 1056 2756 est
1070 2716 1233 2764 Romae,
1250 2715 1364 2768 quod
1384 2729 1554 2768 semper
1572 2718 1751 2769 pateret.
