2072 3222
303 142 392 183 474
442 154 501 185 Qu.
518 154 594 179 XIV.
610 152 653 180 28.
704 155 826 183 FESTI
839 156 996 183 FRAGM.
1012 157 1038 184 E
1053 155 1146 183 coi).
1161 154 1284 183 FARN.
1300 156 1339 183 L.
1353 155 1473 183 xvm.
1638 154 1670 179 Ρ.
1682 151 1735 179 322
1749 154 1789 179 M.

302 973 336 997 10

303 1355 337 1380 15

302 1735 338 1760 20

300 2117 335 2142 25

298 2498 336 2523 30

512 273 578 312 ret
593 276 611 317 †
690 284 738 312 ex
758 276 792 319 †,
870 271 1038 313 tabulla
1053 277 1070 319 72
1149 277 1263 325 queJs
1339 284 1485 322 aurea,
1561 283 1645 324 quo

514 348 660 393 culta†
720 360 841 400 reges
903 347 1019 388 soliti
1080 350 1182 388 sunt
1243 360 1336 389 esse
1397 346 1434 388 E
1488 379 1497 388 .
1561 379 1570 388 .

514 436 679 473 corum,
832 423 904 476 qui
1068 422 1192 465 Sardi
1353 423 1646 477 appellantur,

513 501 615 552 quia
705 498 889 540 Etrusca
980 512 1087 551 gens
1178 502 1273 541 orta
1354 502 1418 541 est
1499 499 1644 542 Sardi·

513 577 594 617 bus
674 590 723 617 ex
799 575 950 629 Lydia.
1026 575 1274 629 Tyrrhenus
1352 576 1470 617 enim
1545 576 1646 618 indo

512 652 734 707 profectus
818 666 916 694 cum
998 665 1161 705 magna
1251 665 1388 694 manu
1480 666 1644 705 eorum,

513 730 737 783 occupavit
829 741 926 770 eam
1030 731 1195 783 partem
1298 729 1445 780 Italiae,
1551 743 1645 783 quae

512 818 631 846 nunc
753 807 930 847 vocatur
1062 804 1249 846 Etruria.
1372 806 1426 846 At
1547 805 1643 848 Sin-

513 883 612 922 nius
734 880 885 935 Capito
1020 881 1092 932 ait,
1214 880 1276 922 Ti.
1398 881 1645 924 Gracchum

513 958 763 1008 Consulem,
867 958 1078 1011 collegam
1170 957 1217 999 P.
1311 958 1455 1000 Valeri
1547 959 1643 1001 Fal-

512 1036 642 1085 tonis,
755 1034 1018 1084 Sardiniam,
1129 1034 1347 1076 Corsicam
1355 1048 1437 1088 que
1543 1036 1643 1079 sub—

514 1113 664 1165 egisse,
757 1125 836 1152 nec
928 1111 1082 1165 praedae
1189 1111 1423 1165 quicquam
1526 1111 1645 1154 aliud

514 1202 645 1243 quam
709 1188 929 1242 mancipia
998 1190 1188 1241 captum,
1265 1201 1452 1241 quorum
1527 1188 1643 1229 vilis-

515 1266 626 1307 sima
746 1264 980 1305 multitudo
1102 1264 1245 1304 fuerit.
1435 1261 1454 1319 ΙΙ
1478 1263 1643 1306 Sarcito

513 1344 558 1384 in
651 1341 746 1383 ΧΠ.
838 1340 927 1382 881.
1020 1339 1238 1394 Sulpicius
1332 1341 1390 1381 ait
1480 1341 1642 1393 signifi-

513 1435 609 1463 care
749 1419 959 1460 damnum
1111 1418 1278 1469 solvito,
1430 1421 1645 1472 praestato.

514 1496 532 1554 ΙΙ
556 1495 898 1549 Sardanapallus
1092 1508 1165 1535 rex
1367 1495 1644 1548 Assyriorum

513 1574 594 1615 fuit
724 1572 862 1613 unicae
995 1571 1175 1612 luxuria*
1308 1572 1423 1612 inter
1549 1584 1643 1612 mu-

512 1650 639 1691 lieres
776 1649 1015 1702 epulasque
1137 1650 1332 1689 versatus
1460 1660 1643 1701 semper,

514 1729 643 1779 atque
707 1725 826 1766 omni
889 1727 1100 1779 tempore.
1239 1722 1257 1780 ΙΙ
1280 1724 1451 1776 SargUS,
1514 1725 1643 1777 piscis

514 1817 663 1857 genus,
757 1802 831 1856 qui
923 1802 968 1842 in
1061 1803 1250 1855 egypto†
1355 1800 1465 1841 mari
1556 1800 1643 1842 fere

512 1880 719 1921 nascitur.
823 1878 1016 1920 Lucilius
1035 1893 1043 1918 ε
1153 1877 1317 1928 «Quem
1410 1877 1643 1930 praeclarus

512 1955 677 2009 helops,
780 1969 910 2009 quem
1013 1956 1206 2008 Aegypto
1309 1966 1460 2007 sargus
1551 1967 1641 1994 mo-

513 2033 667 2073 vebit.»
907 2029 926 2087 ΙΙ
950 2030 1153 2073 Saturnia
1308 2029 1447 2080 Italia,
1600 2032 1642 2070 et

513 2122 653 2158 mons,
768 2109 840 2162 qui
952 2121 1068 2148 nunc
1181 2110 1245 2148 est
1354 2105 1640 2160 Capitolinus,

514 2184 746 2226 Saturnius
980 2183 1298 2237 appellabatur,
1526 2182 1641 2235 quod

512 2262 557 2302 in
690 2261 827 2303 tutela
959 2260 1136 2303 Saturni
1270 2273 1361 2302 esse
1498 2259 1639 2300 existi-

511 2341 701 2379 mantur.
746 2384 749 2386 ,
814 2338 1017 2384 Saturni†
1141 2350 1314 2390 quoque
1435 2335 1637 2377 diceban-

511 2418 594 2465 tur,
674 2414 747 2467 qui
824 2416 1013 2455 castrum
1089 2414 1135 2454 in
1211 2415 1300 2454 imo
1379 2413 1488 2453 clivo
1565 2411 1639 2454 Ca-

510 2490 694 2544 pitolino
816 2490 1080 2540 incolebant,
1200 2489 1277 2530 ubi
1397 2502 1471 2529 ara
1581 2487 1639 2528 di-

512 2569 605 2608 cata
687 2567 724 2607 ei
806 2567 886 2607 (leo
968 2569 1067 2608 ante
1150 2565 1313 2606 bellum
1404 2564 1638 2605 Troianum

512 2643 697 2693 videtur,
808 2643 908 2696 quia
1019 2642 1135 2695 apud
1257 2654 1353 2682 eam
1475 2640 1637 2693 suppli-

512 2723 612 2761 cant
723 2720 883 2772 apertis
997 2717 1222 2771 capitibus.
1329 2730 1432 2757 nam
1553 2716 1637 2756 Ita-

512 2795 581 2835 lici
706 2797 879 2835 auctore
1013 2796 1160 2835 Aenea
1292 2793 1438 2834 velant
1569 2805 1636 2832 ca-
