2072 3222
346 165 401 204 4⁴8
676 176 799 203 PAULI
822 175 1038 202 EXCERPTA
1062 175 1113 202 EX
1138 175 1221 201 LIB.
1244 175 1368 202 POMP.
1392 174 1512 201 FESTI
1719 171 1826 197 68-69

346 295 499 346 Daps
533 292 649 347 apud
685 291 889 343 antiquos
925 289 1146 330 dicebatur
1167 303 1234 331 res
1271 289 1431 338 divina,
1468 303 1561 342 quae
1596 289 1727 330 fiebat
1749 291 1825 330 aut

404 365 589 405 hiberna
622 361 818 409 sementi,
855 364 930 401 aut
963 374 1110 401 verna.
1147 360 1272 411 Quod
1306 361 1568 402 vocabulum
1602 375 1652 401 ex
1674 359 1823 402 Graeco

406 434 643 482 deducitur,
687 431 803 486 apud
840 445 947 484 quos
982 431 1025 471 id
1067 444 1204 485 genus
1248 432 1478 485 epularum
1522 432 1610 477 δαὶς
1655 430 1823 472 dicitur.

407 506 554 558 Itaque
590 506 631 544 et
665 500 861 559 (IaJmtice
897 516 939 542 se
976 503 1176 555 acceptos
1212 501 1415 542 dicebant
1449 501 1632 554 antiqui,
1662 501 1823 555 signifi-

406 576 554 616 cantes
597 572 851 625 magnifice,
897 574 937 612 et
970 567 1245 628 [lapario-mn*
1283 574 1507 626 negotium
1543 572 1742 625 amplum
1776 586 1824 613 ac

403 645 698 699 magnificum.

345 716 632 758 Daedalam
667 730 690 754 a
724 716 931 755 varietate
965 728 1110 755 rerum
1147 714 1514 767 artificiorumque
1550 713 1709 755 dictam
1732 728 1824 755 esse

404 787 520 841 apud
554 786 805 826 Lucretium
841 786 1015 840 terram,
1052 784 1167 839 apud
1190 785 1385 825 Ennium
1416 784 1672 834 Minervam,
1710 784 1825 838 apud

404 857 636 910 Virgilium
660 856 825 904 Circen,
850 855 976 896 facile
1000 858 1065 896 est
1088 855 1356 908 intellegere,
1382 869 1479 896 cum
1496 854 1633 896 Graeci
1659 855 1823 896 δαιδάλ-

288 946 321 969 10
404 929 484 968 λειν
509 927 754 980 significent
776 926 955 966 variare.

344 998 605 1039 Damium
640 997 912 1043 sacrificium,
951 995 1067 1049 quod
1101 996 1233 1037 fiebat
1266 998 1312 1036 in
1347 999 1497 1050 operto
1533 997 1577 1036 in
1612 997 1825 1037 honorem

403 1067 707 1117 Bon21>Deae'*,
744 1067 907 1108 dictum
944 1081 968 1108 a
992 1069 1313 1117 contrarietate,
1348 1066 1464 1120 quod
1499 1068 1679 1108 minime
1715 1069 1826 1108 esset

408 1141 616 1194 δαμόῦιον,
655 1138 696 1179 id
732 1141 795 1179 est
827 1138 1070 1192 publicum.
1114 1138 1205 1179 Dea
1241 1152 1414 1192 quoque
1450 1138 1544 1191 ipsa
1580 1135 1747 1180 Da‘mia
1785 1141 1826 1179 et

404 1210 605 1253 sacerdos
630 1210 722 1251 eius
746 1207 987 1251 flammeria:
1010 1209 1330 1263 appellabatur.

288 1298 319 1322 ιε»
344 1281 634 1323 Daorimas
658 1293 735 1334 pro
760 1281 964 1321 lacrimas
986 1279 1136 1320 Livius
1159 1293 1273 1333 saepe
1296 1280 1453 1334 posuit,
1478 1280 1685 1320 nimirum
1710 1279 1826 1333 quod

405 1352 542 1394 Graeci
565 1351 794 1405 appellant
817 1351 997 1404 δάκρυας
1029 1351 1131 1391 item
1155 1347 1322 1399 (lautia,
1349 1364 1442 1403 qua}
1466 1351 1603 1391 lautia
1627 1350 1824 1401 dicimus,

405 1427 443 1465 et
469 1423 629 1464 dantur
650 1422 803 1475 legatis
826 1421 1003 1475 hospitii
1027 1423 1177 1474 gratia.

345 1494 573 1535 Danunt
596 1492 714 1533 dant.

344 1565 480 1606 Dasi
502 1564 607 1605 dari.

286 1652 322 1675 ω»
344 1635 589 1676 Danistae
612 1634 891 1675 feneratores.

345 1704 640 1757 Dagnades
676 1706 779 1744 sunt
803 1705 948 1744 avium
983 1718 1135 1757 genus,
1172 1718 1280 1757 quas
1304 1704 1502 1757 Aegyptii
1536 1705 1649 1745 inter
1669 1707 1823 1758 potan-

405 1777 508 1817 dum
544 1789 641 1816 cum
678 1775 848 1816 coronis
884 1775 1098 1815 devincire
1135 1775 1249 1816 soliti
1284 1778 1408 1824 sunt,
1447 1789 1540 1828 quae
1580 1775 1824 1817 vellicando

405 1846 767 1899 morsicandoque
815 1848 856 1886 et
911 1846 1198 1886 canturiendo
1244 1846 1421 1886 adsidue
1464 1860 1555 1887 non
1597 1847 1826 1899 patiuntur

406 1918 592 1959 dormire
616 1918 834 1970 potantes.

288 2006 321 2028 ετ.
346 1988 567 2029 Daunia
590 1989 750 2041 Apulia
786 1987 1034 2041 appellatur
1069 2000 1093 2027 a
1117 1987 1290 2036 Dauno,
1326 1987 1506 2040 Illyrica*
1541 1988 1681 2039 gentis
1710 1986 1825 2027 claro

404 2059 510 2107 viro,
547 2060 619 2111 qui
653 2072 763 2108 eam,
797 2061 972 2111 propter
1006 2057 1290 2098 domesticam
1324 2056 1581 2098 seditionem
1617 2058 1825 2099 excedens

404 2130 558 2183 patria,
582 2128 821 2183 occupavit.

346 2201 586 2242 Dorsum
612 2201 789 2250 dictum,
814 2199 929 2253 quod
943 2213 1045 2253 pars
1072 2201 1328 2252 eaeorporis
1352 2199 1513 2240 devexa
1528 2199 1583 2239 sit
1605 2199 1824 2240 deorsum.

346 2272 571 2312 Donum
594 2286 642 2312 ex
666 2271 816 2312 Graeco
840 2274 916 2321 est,
942 2271 1056 2324 quod
1079 2271 1145 2311 illi
1169 2272 1324 2311 vocant
1347 2270 1486 2324 δῶρον.

289 2358 322 2379 31·
347 2342 633 2382 Donatioae
659 2353 879 2382 eoronae
903 2341 1039 2391 dictae,
1075 2340 1189 2394 quod
1224 2340 1290 2380 his
1315 2340 1498 2381 victores
1530 2342 1576 2380 in
1605 2340 1718 2381 ludis
1752 2340 1823 2381 do-

408 2413 642 2460 nabantur,
679 2427 771 2466 quw
796 2415 949 2466 postea
981 2412 1314 2465 magnificentiae
1350 2424 1480 2451 causa
1512 2413 1699 2452 institua¹
1723 2413 1826 2452 sunt

407 2497 537 2537 super
559 2484 738 2523 modum
762 2486 963 2537 aptarum
989 2482 1217 2536 capitibus,
1246 2481 1364 2534 quali
1387 2480 1675 2534 amplitudine
1699 2481 1823 2529 fiunt,

407 2567 505 2595 oum
530 2554 659 2594 Lares
683 2556 910 2595 ornantur.
1585 2562 1588 2565 ’

349 2624 553 2664 Dotem
576 2624 858 2665 manifestum
883 2627 946 2665 est
969 2638 1019 2665 ex
1042 2622 1191 2665 Graeco
1216 2636 1320 2663 esse.
1360 2622 1470 2664 Nam
1494 2622 1647 2662 διδόναι
1670 2620 1826 2662 dicitur

407 2694 523 2747 apud
547 2707 618 2735 eos
642 2693 755 2735 dare.

348 2764 572 2806 Doliola
594 2766 713 2807 locus
739 2766 782 2806 in
809 2765 919 2807 Urbe
943 2765 1003 2806 sic
1026 2767 1219 2813 vocatus,
1244 2764 1346 2817 quia
1363 2763 1672 2804 invadentibus
1686 2762 1825 2804 Gallis

408 2834 655 2876 Senonibus
689 2835 849 2876 Vrbem
885 2850 1007 2877 sacra
1039 2837 1083 2875 in
1120 2834 1271 2876 eodem
1306 2835 1401 2874 loeo
1437 2832 1611 2873 doliolis
1634 2834 1823 2886 reposita

1862 2002 1896 2036 69
