2072 3222
244 192 299 217 244
798 193 923 220 PAULI
946 193 1174 221 EXCERPTA.

306 324 356 351 ea
397 323 568 350 necesse
612 311 712 349 erat
744 308 909 361 aliquid
951 308 1158 357 decidere,
1200 308 1316 362 quod
1358 307 1601 362 tripudium

305 386 478 434 faceret,
504 385 545 426 id
582 388 645 427 est
679 385 999 438 terripavium*
1032 382 1190 427 Patrio-e
1224 386 1341 427 enim
1374 385 1500 425 ferire
1525 387 1601 425 est.

304 463 482 503 Bonum
518 463 635 502 enim
671 462 903 514 augurium
937 475 1029 502 esse
1052 462 1282 515 putabant,
1308 462 1343 501 si
1366 461 1490 514 pulli,
1526 474 1601 513 per

306 551 416 591 quos
459 538 815 590 auspicabantur,
851 537 1154 586 comedissent,
1189 539 1427 591 praesertim
1463 538 1497 577 si
1542 537 1600 577 eis

305 614 533 655 edentibus
589 613 755 667 aliquid
811 614 864 654 ab
921 627 993 655 ore
1052 613 1290 654 decidisset.
1335 613 1411 654 Sin
1455 616 1601 654 autem

305 693 485 731 omnino
508 704 599 731 non
623 691 823 740 edissent,
851 690 1174 731 arbitrabantur
1205 690 1449 743 periculum
1474 689 1599 730 inmi-

304 781 418 808 nere.

245 919 534 961 Pedestria
582 917 823 971 auspicia
868 919 1169 965 nominabant,
1233 933 1328 971 quie
1384 919 1602 960 dabantur

305 1010 330 1038 a
352 997 494 1050 vulpe,
519 997 636 1050 lupo,
661 999 875 1050 serpente,
914 1009 1024 1049 equo
1060 997 1298 1049 ceterisque
1334 996 1600 1037 animalibus

307 1072 674 1126 quadrupedibus.

245 1299 555 1343 Piacularia
589 1300 832 1354 auspicia
865 1303 1160 1356 appellabant,
1184 1316 1278 1356 quze
1313 1303 1597 1343 sacrificanti-

304 1379 386 1419 bus
410 1379 549 1420 tristia
573 1378 906 1432 portendebant,
932 1393 1031 1419 cuin
1054 1382 1129 1419 aut
1151 1379 1293 1420 hostia
1317 1379 1372 1419 ab
1397 1392 1472 1419 ara
1495 1380 1598 1419 effu-

303 1457 445 1509 gisset,
470 1458 544 1497 aut
565 1469 769 1509 percussa
803 1457 1019 1508 mugitum
1056 1455 1252 1505 dedisset,
1278 1458 1351 1497 aut
1389 1456 1434 1495 in
1469 1456 1599 1497 aliam

303 1534 471 1585 partem
494 1533 698 1586 corporis,
724 1545 857 1584 quarn
885 1534 1112 1585 oporteret,
1137 1531 1372 1572 cecidisset.

245 1608 517 1650 Pestifera
543 1608 792 1660 auspicia
813 1622 907 1650 esse
931 1609 1146 1656 dicebant,
1172 1622 1271 1649 cuin
1291 1622 1363 1648 cor
1393 1608 1439 1648 in
1479 1610 1598 1658 extis,

325 1688 399 1727 aut
423 1688 552 1738 caput
575 1687 619 1725 in
642 1685 833 1726 iocinere
857 1699 946 1726 non
970 1686 1132 1726 fuisset.

247 1914 533 1966 Praepetes
585 1925 718 1955 aVeS
765 1915 983 1963 dicuntur,
1020 1929 1114 1968 quae
1152 1929 1195 1955 se
1235 1917 1336 1955 ante
1372 1915 1600 1968 auspican-

306 1992 395 2031 tem
417 1990 578 2031 ferunt.
603 1990 712 2032 Nam
734 1996 972 2047 praepetere
997 1990 1199 2031 dicebant
1221 2003 1298 2043 pro
1323 1992 1503 2031 anteire.

246 2142 495 2184 Pecunia
544 2141 882 2183 sacrificium
917 2143 1009 2183 fieri
1045 2143 1283 2192 dicebatur,
1323 2156 1423 2182 cuin
1459 2143 1601 2196 fruges

305 2219 557 2273 fructusque
592 2219 898 2267 offerebantur,
936 2219 1037 2273 quia
1073 2234 1122 2261 ex
1156 2220 1223 2259 his
1258 2219 1388 2260 rebus
1419 2222 1601 2269 constat,

306 2309 438 2349 quam
461 2309 578 2336 nunc
598 2297 830 2349 pecuniam
855 2295 1051 2338 dicimus,

1648 179 1731 219 :519

1699 1087 1731 1111 10

1697 1618 1728 1641 15

1695 2242 1731 2266 20
