2072 3222
399 126 449 166 Μ’
715 138 839 165 PAULI
862 136 1078 165 EXCERPTA
1108 136 1163 164 Ex
1184 137 1268 164 ΜΒ.
1292 138 1415 164 POMP.
1438 137 1559 164 Fnsri
1777 134 1880 159 18-—19

391 254 565 307 ApeX,
604 254 678 307 qui
713 255 775 294 est
811 251 1085 293 sacerdotum
1108 251 1290 305 insigne,
1327 252 1466 293 dictus
1501 255 1563 294 est
1599 253 1652 294 ab
1677 267 1738 301 eo,
1765 252 1880 306 quod

452 324 818 380 comprehendere
843 323 1012 376 antiqui
1035 323 1211 364 vinculo
1235 336 1357 380 apere
1380 323 1593 365 dicebant.
1608 324 1732 365 Unde
1756 329 1881 381 aptus

451 396 499 445 is,
528 396 602 450 qui
626 394 941 435 convenienter
963 394 1095 435 alicui
1117 395 1293 435 iunctus
1317 396 1393 436 est.

391 464 772 507 Athanuvium
807 466 870 504 est
902 465 1049 517 poculi
1088 464 1233 505 fictilis
1271 478 1419 517 genus,
1457 479 1542 518 quo
1575 466 1620 505 in
1657 465 1879 506 sacrificiis

333 554 347 577 5
451 537 688 578 utebantur
710 534 955 576 sacerdotes
977 537 1179 577 Romani.

391 608 625 649 Atroces
649 605 932 660 appellantur
966 619 1016 646 ex
1052 605 1214 655 Graeco,
1239 606 1342 658 quia
1374 606 1439 646 illi
1474 605 1692 660 &tpmmoe*
1729 607 1877 660 appel-

450 678 556 727 lant,
582 692 675 731 quae
699 677 831 717 cruda
854 679 956 717 sunt
970 692 979 724 3
1017 679 1105 717 sive
1124 679 1243 718 atrox
1267 677 1424 717 dicitur
1447 677 1501 717 ab
1525 691 1588 728 eo,
1629 677 1744 731 quod
1765 677 1877 718 nihil

451 749 624 797 tinieat;
649 752 788 802 τρέσαι
811 749 929 788 enim
954 747 1091 789 Graeci
1114 749 1264 789 dieunt
1286 749 1452 788 timere.

391 818 802 870 Auguraoulum
826 818 1110 872 appellabant
1133 818 1315 871 antiqui,
1353 832 1483 871 quam
1508 832 1588 859 nos
1612 832 1754 859 arcem
1778 819 1877 859 clici-

333 907 368 930 10
453 904 561 938 inus,
588 889 703 943 quod
726 888 787 928 ibi
810 902 997 941 augures
1022 889 1195 942 publice
1219 889 1563 942 auspicarentur.

391 961 696 1002 Asseverse
721 963 864 1000 averte
888 959 1034 1012 ignem
1059 959 1287 1012 significat.
1323 958 1563 999 Tuscorum
1587 959 1705 1000 enim
1731 960 1879 1013 lingua

451 1045 542 1073 arse
565 1034 720 1079 averte,
748 1044 855 1071 ferse
878 1031 1022 1084 ignem
1059 1032 1229 1071 constat
1263 1030 1486 1083 appellari.
1527 1030 1648 1071 Unde
1672 1030 1878 1072 Afranius

450 1104 533 1143 ait:
565 1101 804 1142 «Inscribat
826 1102 984 1155 aliquis
1007 1103 1053 1142 in
1077 1102 1188 1142 ostio
1212 1115 1469 1141 arseverse.»

391 1172 722 1224 Aborigines
758 1172 969 1226 appellati
1003 1175 1118 1221 sunt,
1157 1172 1270 1225 quod
1300 1175 1491 1213 errantes
1527 1174 1810 1214 convenerint
1830 1174 1876 1213 in

334 1259 367 1283 15
451 1257 618 1297 agrum,
642 1244 715 1296 qui
739 1257 857 1283 nunc
882 1244 944 1283 est
964 1243 1117 1297 populi
1141 1244 1342 1283 Romani.
1367 1242 1467 1284 Fuit
1494 1243 1609 1283 enim
1633 1257 1740 1296 gens
1764 1244 1874 1285 anti-

452 1314 661 1369 quissima
685 1313 834 1354 Italiae.

390 1386 476 1427 Ab
513 1385 666 1426 Oloes
690 1385 895 1426 dicebant
917 1399 994 1438 pro
1019 1385 1072 1426 ab
1097 1385 1209 1433 illis;
1235 1384 1406 1438 antiqui
1430 1385 1547 1425 enim
1570 1384 1761 1426 litteram
1784 1399 1874 1426 non

448 1457 745 1510 geminabant.

392 1527 702 1568 Aventinus
725 1540 852 1567 mons
876 1526 990 1567 intra
1012 1525 1164 1567 urbem
1188 1526 1326 1566 dictus
1350 1529 1425 1574 est,
1462 1540 1547 1579 quo
1570 1526 1631 1566 ibi
1652 1540 1725 1567 rex
1748 1526 1875 1567 Alba-

333 1612 368 1636 ιω
451 1612 609 1639 norum
634 1598 875 1638 Aventinus
897 1596 1013 1637 bello
1048 1597 1177 1637 suerit
1198 1596 1411 1637 extinctus
1434 1599 1563 1650 atque
1586 1598 1796 1650 sepultus.

391 1668 642 1709 Adorare
667 1668 781 1722 apud
818 1669 1023 1720 antiquos
1058 1668 1333 1720 significabat
1368 1681 1515 1721 agei-03
1541 1668 1656 1709 unde
1681 1670 1720 1709 et
1744 1668 1876 1721 legati

452 1742 644 1780 oratores
667 1739 882 1786 dicuntur,
909 1740 1011 1792 quia
1035 1739 1245 1778 mandata
1266 1739 1420 1792 populi
1445 1741 1591 1791 agunt.

391 1809 804 1850 Armilustrium
860 1809 1019 1850 festum
1076 1812 1167 1850 erat
1221 1809 1335 1862 apud
1384 1810 1617 1857 Romanos,
1675 1823 1760 1862 quo
1808 1823 1875 1850 res

452 1882 620 1921 divinas
643 1881 800 1922 armati
832 1880 1064 1929 faciebant,
1100 1894 1161 1928 ac,
1187 1880 1291 1920 dum
1314 1879 1622 1930 sacrificarent,
1658 1880 1775 1921 tubis
1810 1894 1874 1921 ca-

333 1966 367 1990 25
450 1952 626 1992 nebant.

392 2021 550 2063 Adeo
586 2022 693 2062 duas
728 2021 861 2062 habet
905 2021 1260 2074 significationes.
1295 2021 1404 2062 Nam
1440 2035 1536 2061 cuin
1572 2021 1716 2074 prima
1748 2024 1876 2063 acuta

452 2093 637 2135 effertur,
662 2093 775 2134 idem
800 2092 1027 2145 significat,
1054 2091 1168 2145 quod
1198 2091 1367 2139 accedo,
1406 2105 1504 2132 cum
1529 2091 1735 2133 dicimus:
1770 2090 1874 2135 adeo

449 2170 693 2220 praetorem.
719 2163 827 2204 Cum
852 2166 996 2204 autem
1021 2162 1227 2212 secunda,
1250 2162 1364 2203 idem
1397 2163 1511 2215 quod
1535 2176 1672 2216 usque
1696 2176 1758 2211 eo,
1783 2176 1874 2204 non

454 2235 626 2287 quidem
660 2234 898 2275 secundun]
934 2236 1161 2282 rationem,
1200 2235 1302 2286 quia
1329 2234 1382 2274 ad
1416 2233 1664 2287 praepositio
1699 2247 1873 2275 accusa-

332 2321 368 2343 :w
453 2305 550 2344 tivis
568 2305 849 2345 accomodata
867 2306 941 2353 est,
966 2304 1039 2344 sed
1058 2306 1226 2345 vetusta
1242 2303 1457 2357 quadam*
1470 2303 1680 2356 loquendi
1696 2317 1873 2345 consue-

451 2375 614 2415 tudine.
1289 2366 1291 2372 ¹

393 2445 575 2497 Argea
597 2446 690 2486 loca
714 2446 860 2486 Roma?
895 2446 1188 2499 appellantur,
1227 2446 1341 2498 quod
1377 2445 1422 2485 in
1457 2445 1524 2485 his
1547 2445 1707 2498 sepulti
1731 2447 1874 2486 essent

454 2517 631 2570 quidam
654 2518 910 2570 Argivorum
933 2517 1141 2557 inlustres
1164 2516 1257 2557 viri.

393 2586 707 2639 Asparagus
730 2587 865 2627 herba
887 2588 1011 2633 dicta,
1048 2587 1164 2640 quod
1199 2589 1244 2626 in
1268 2599 1419 2640 aspero
1442 2586 1629 2640 virgulto
1653 2589 1871 2629 nascatur.

334 2674 368 2699 35
393 2656 672 2698 Adsidelae
697 2672 857 2698 mensae
880 2659 1104 2704 vocantur,
1124 2657 1177 2696 ad
1197 2670 1304 2709 quas
1322 2656 1521 2697 sedentes
1537 2655 1737 2697 flamines
1751 2670 1873 2699 sacra

450 2727 626 2768 faciunt.

394 2799 616 2849 Anceps
641 2798 882 2849 significare
906 2798 1074 2839 videtur
1091 2797 1145 2846 id,
1173 2797 1287 2851 quod
1311 2809 1361 2837 ex
1382 2800 1565 2850 utraque
1599 2799 1719 2851 parte
1743 2799 1874 2851 caput

1917 1184 1951 1220 19
