2072 3222
312 153 399 194 450
442 165 500 196 QU.
516 166 589 191 ΧΠ.
608 164 650 190 16.
700 166 822 195 FESTI
835 167 994 196 FRAGM.
1009 168 1035 195 E
1050 167 1142 196 cor).
1158 168 1282 196 ΜΒΝ.
1297 168 1336 196 L.
1349 168 1470 196 xv111.
1644 167 1676 193 Ρ.
1692 165 1745 192 310
1757 167 1796 192 Μ.

522 281 674 335 giones
807 281 938 323 Sutrii
1059 285 1108 324 ut
1228 286 1384 337 praesto
1512 286 1657 326 essent

524 372 623 399 cum
705 358 801 399 cibo
881 372 973 400 suo.
1057 358 1172 412 quod
1262 359 1465 414 usurpari
1547 373 1657 414 coep-

523 436 617 475 tum
692 437 756 476 est
816 436 861 475 in
922 435 971 484 is,
1037 435 1112 488 qui
1185 436 1274 476 suis
1347 435 1489 485 rebus,
1565 436 1656 489 opi-

524 510 692 564 busque
785 510 903 552 offici
984 512 1018 552 it
1037 516 1055 558 l
1143 513 1436 564 prestarent,†
1499 511 1657 565 quibus

333 605 347 627 5
525 588 743 630 deberent.
836 588 1020 629 Plautus*
1032 603 1041 628 :
1141 603 1155 625 «
1165 587 1250 630 Sed
1334 588 1464 630 facito
1554 588 1658 629 dum

524 665 694 707 merula
766 678 844 718 per
858 670 875 712 †
942 678 1106 715 verSUS,
1171 664 1286 718 quod
1299 671 1317 713 †
1379 667 1527 707 cantat
1589 678 1656 706 co-

523 742 587 782 las
602 748 619 789 †
694 755 794 782 cum
866 755 944 783 suo
1020 741 1175 794 cuique
1190 747 1208 789 †
1271 742 1401 782 facito
1463 741 1657 791 veniant,

525 817 648 872 quasi
721 821 822 860 eant
895 818 1126 860 Sutrium.»
1278 816 1296 873 ΙΙ
1321 817 1531 872 Suopte,†
1595 819 1656 872 ip-

524 895 627 944 sius,
702 897 750 936 ut
824 897 1012 949 meopte,
1088 907 1186 936 meo
1264 895 1415 948 ipsius,
1491 896 1656 948 tuopte,

311 991 346 1017 10
523 974 600 1012 tuo
692 971 842 1025 ipsius.
996 968 1015 1026 ΙΙ
1039 970 1229 1012 Suillum
1321 984 1458 1023 genus
1548 984 1657 1012 mvi-

526 1060 622 1088 sum
767 1048 904 1089 veniri
918 1053 935 1094 †
1082 1046 1371 1100 prodiderunt
1516 1049 1657 1101 poetae

525 1123 579 1164 ob
687 1124 963 1165 interfectum
1071 1123 1125 1163 ab
1238 1137 1342 1177 apro
1453 1122 1658 1172 Adonim,

527 1213 656 1253 quem
742 1200 950 1253 diligebat
1035 1200 1142 1241 Dea.
1229 1199 1409 1254 quidam
1496 1202 1656 1249 autem,

526 1276 643 1330 quod
759 1276 1087 1318 inmundissimi
1199 1276 1287 1317 sint
1398 1290 1496 1318 sues
1608 1290 1659 1317 ex

311 1368 348 1393 16
526 1354 647 1394 omni
749 1356 979 1394 mansueto
1086 1366 1256 1407 pecore,
1361 1356 1402 1394 et
1505 1352 1657 1394 arden-

525 1430 700 1472 tissimae
787 1430 996 1472 libidinis,
1082 1430 1155 1479 ita,
1242 1432 1290 1470 ut
1371 1429 1657 1483 opprobrium

527 1507 784 1547 mulieribus
888 1506 988 1547 inde
1091 1508 1281 1547 tractum
1385 1506 1453 1555 sit,
1558 1519 1657 1546 cum

527 1583 683 1624 subare
767 1585 807 1624 et
898 1583 1043 1624 subire
1059 1588 1076 1628 †
1169 1582 1387 1624 dicuntur.
1533 1579 1552 1637 ΙΙ
1575 1581 1658 1623 Sus

528 1659 772 1701 Minervam
888 1661 934 1699 in
1048 1659 1275 1712 proverbio
1392 1661 1467 1706 est,
1583 1658 1658 1699 ubi

315 1746 350 1770 20
527 1736 621 1790 quis
707 1736 751 1776 id
842 1735 967 1777 docet
1058 1735 1259 1783 alterum,
1353 1735 1474 1776 cuius
1564 1736 1657 1788 ipse

527 1813 691 1853 inscius
784 1815 860 1853 est.
953 1825 1085 1864 quam
1178 1825 1271 1852 rem
1364 1811 1409 1852 in
1501 1810 1659 1860 medio,

527 1889 642 1943 quod
776 1889 912 1938 aiunt,
1046 1889 1234 1942 positam
1362 1887 1498 1929 Van-0
1620 1889 1660 1928 et

526 1965 799 2007 Euhemerus
958 1965 1116 2018 ineptis
1276 1964 1436 2017 mythis
1596 1964 1658 2005 in-

528 2043 697 2083 volvere
854 2041 1119 2089 maluerunt,
1276 2054 1407 2093 quam
1558 2041 1657 2081 sim-

313 2134 347 2158 25
527 2119 695 2172 pliciter
844 2117 1017 2159 referre.
1193 2115 1211 2172 ΙΙ
1236 2116 1384 2158 Strues
1533 2131 1658 2170 gene-

528 2208 576 2236 ra
658 2194 847 2236 liborum
928 2197 1044 2244 sunt,
1128 2193 1363 2247 digitorum
1456 2194 1658 2235 coniunc-

528 2274 672 2313 torum
778 2284 866 2313 non
972 2270 1218 2319 dissimilia,
1327 2271 1401 2323 qui
1508 2283 1656 2323 super-

529 2349 637 2390 iecta
796 2346 1004 2401 panicula
1161 2348 1208 2388 in
1363 2349 1657 2388 transversum

529 2426 823 2466 continentur.
1112 2421 1130 2478 ΙΙ
1155 2422 1344 2464 Struices
1490 2423 1658 2476 antiqui

317 2519 352 2544 ⁸0
530 2501 732 2542 dicebant
952 2502 1240 2542 extructiones
1460 2502 1657 2541 omnium

529 2590 686 2618 rerum.
781 2577 960 2618 Plautus
977 2593 985 2617 :
1074 2576 1274 2618 «Cerialis
1358 2590 1486 2617 cenas
1569 2576 1655 2618 dat.

529 2655 590 2695 ita-
700 2665 874 2693 mensas
990 2653 1158 2700 extruit,
1273 2655 1418 2694 tantas
1534 2653 1656 2693 strui-

531 2743 598 2771 ces
735 2729 968 2769 concinnat
1102 2728 1380 2781 patinarias.»
1603 2729 1657 2770 Et

530 2805 677 2845 Livius
693 2820 700 2844 :
772 2817 879 2857 «quo
944 2802 1145 2851 Castalia,
1210 2817 1287 2857 per
1348 2804 1526 2844 struices
1589 2816 1654 2844 sa-

318 2900 353 2924 35
530 2895 629 2922 xeas
706 2881 831 2934 lapsu
909 2879 1098 2921 accidit.»
1268 2877 1498 2934 ssStruere‚
1577 2893 1650 2920 an—
