2072 3222
279 148 364 188 564
409 159 466 189 Qu,
488 159 562 182 xvi.
583 155 626 182 26.
691 157 814 184 FEs‘m
836 156 992 184 FRAGM.
1016 155 1071 182 Ex
1092 155 1240 183 APOGR.
1264 155 1304 182 L.
1327 155 1394 181 xx.
1596 153 1628 177 P.
1647 150 1698 178 :371
1720 152 1757 176 M.

351 274 369 330 ΙΙ
383 275 471 314 Viae
494 276 596 314 sunt
618 274 659 313 et
679 271 882 326 publicae,
904 284 981 323 per
1014 303 1022 311 .

351 365 372 391 e
397 351 599 391 omnibus
621 349 734 398 licet,
767 350 808 388 et
828 347 1018 401 privatae,
1041 347 1198 400 quibus
1219 347 1445 387 neminem
1467 345 1532 386 uti

350 430 505 482 praeter
527 430 709 472 eorum†
733 438 919 478 quorum
941 426 1044 464 sunt
1057 438 1067 473 ;
1093 425 1135 464 et
1154 423 1213 464 ita
1233 423 1411 476 privatae
1435 422 1539 463 VIII
1559 421 1692 475 pedes
1714 421 1761 462 in

350 503 582 545 latitudine
607 535 616 543 .
642 534 651 542 .
676 533 686 542 .
738 501 829 542 iure
884 503 925 541 et
974 500 1080 551 lege,
1141 499 1325 552 publicae
1389 500 1603 552 quantum
1651 497 1762 538 ratio

302 599 316 622 5
350 580 548 622 utilitatis
570 579 783 633 permittit
807 607 1056 618 ........
1079 576 1146 616 Iex
1178 576 1301 617 iubet
1350 575 1450 616 XVI
1476 606 1762 616 .........

353 657 557 711 Xune†
598 655 731 709 pedes
775 660 908 701 essen}
958 653 1064 701 vias,
1120 655 1168 693 ut
1315 685 1325 693 .
1390 684 1398 692 .

354 736 444 775 vias
561 733 808 773 muniunto.
933 729 1136 771 onisandi
1158 735 1175 776 †
1279 728 1451 782 lapidas
1477 734 1495 774 ’fir
1609 730 1722 777 sunt,
1746 732 1764 773 †

356 824 442 864 qua
498 809 624 858 volet,
686 808 882 847 iumento
944 806 1097 859 agito.»
1195 803 1214 860 ΙΙ
1229 804 1427 846 Viatores
1471 804 1764 858 appellantur,

356 887 430 941 qui
471 883 797 938 magistratibus
844 885 1071 936 apparent,
1129 895 1179 923 eo
1223 883 1323 934 quia
1377 881 1503 922 initio
1564 879 1765 921 omnium

285 976 320 999 10
352 965 543 1005 tribuum
595 975 693 1002 cum
747 961 836 1013 agri
886 959 932 999 in
984 958 1233 1013 propinquo
1287 960 1410 999 erant
1461 957 1581 998 urbis
1636 958 1766 1010 atque

358 1039 535 1081 adsidue
629 1037 829 1078 homines
921 1034 1259 1084 rusticabantur,
1357 1033 1547 1075 crebrior
1639 1045 1770 1086 opera

359 1130 508 1158 eorum
571 1116 662 1155 erat
722 1115 768 1153 in
844 1112 914 1153 via
974 1124 1106 1165 quam
1176 1111 1297 1160 urbe,
1360 1109 1476 1163 quod
1542 1123 1591 1150 ex
1654 1109 1768 1161 agris

357 1193 615 1246 plerumque
697 1189 901 1230 homines
985 1188 1275 1229 evocabantur
1338 1200 1363 1227 a
1425 1185 1767 1238 magistratibus.

361 1267 637 1325 ssVerticulas
747 1279 844 1306 cum
941 1264 1001 1305 ait
1101 1263 1309 1312 Lucilius,
1390 1262 1448 1303 ita
1532 1260 1771 1315 appellavit

289 1362 324 1387 15
358 1346 589 1387 vertebras.

369 1720 499 1764 Volat?
535 1718 753 1775 cestiqimn

373 2095 548 2140 solonas·
583 2130 591 2138 .

377 2486 521 2531 Versus
530 2488 544 2530 z·
