2072 3222
306 125 392 166 :3452
456 135 646 167 Quina-1.
724 138 846 165 FESTI
868 137 1024 165 FRAGM.
1048 138 1103 164 Ex
1127 138 1276 165 Aroes.
1303 139 1343 166 L.
1370 138 1506 166 xvnn.
1625 139 1655 163 Ρ.
1676 135 1729 162 359
1748 139 1788 164 M.

376 253 596 296 rationum
619 252 678 293 ibi
702 252 931 294 habebant
944 253 1221 306 publicarum
1249 255 1467 294 rationum
1482 267 1612 295 causa
1626 255 1788 295 factum

375 329 532 369 locum.
570 326 589 383 ΙΙ
605 328 768 369 Tabem
801 342 911 379 eam,
945 343 1039 382 quae
1073 330 1233 371 faceret
1265 330 1499 380 tabescere,
1528 330 1644 384 apud
1677 332 1788 371 anti·

375 418 480 457 quos
572 407 829 459 usurpatam
927 405 1145 448 Salustius
1253 420 1427 460 quoque
1523 407 1787 460 frequenter,

377 484 423 522 ut
484 481 528 521 in
592 481 793 527 Catilina,
858 494 956 522 cum
1020 482 1101 523 ait:
1173 482 1268 524 «Uti
1313 484 1435 524 tabes
1467 483 1697 537 plerosque
1731 484 1785 523 ei-

333 577 346 599 5
370 558 490 598 vium
543 560 712 600 animos
766 558 1024 600 invaserat.»
1083 562 1125 600 et
1178 560 1225 600 in
1279 559 1322 601 li.
1357 560 1432 601 lV.
1476 560 1786 601 historiarum:

380 634 487 685 «Qui
521 634 697 688 quidem
742 648 823 676 nos
851 641 869 683 †
906 639 954 677 ut
985 636 1121 685 tabes,
1152 636 1197 677 in
1230 636 1393 678 Urbem
1424 636 1689 679 coniectus»
1730 636 1788 677 Et

374 710 640 758 Corvinius†
688 724 765 765 pro
809 712 1045 753 Liburnia:
1092 712 1296 767 «Propter
1330 713 1444 754 hanc
1478 714 1624 755 tabem
1657 716 1786 767 atque

372 787 609 840 perniciem
667 788 822 828 domus
874 789 1046 830 totius.»
1115 786 1337 844 ssTabellis
1379 803 1458 843 pro
1503 789 1663 830 chartis
1694 792 1783 832 ute-

372 864 534 905 bantur
594 865 775 918 antiqui,
841 866 995 918 quibus
1072 866 1185 907 ultro
1250 868 1366 916 citro,
1430 867 1518 907 sive
1580 867 1785 919 privatim

303 957 335 980 10
371 942 458 982 sive
513 941 687 995 publice
742 955 850 996 opus
904 944 1005 991 erat,
1040 944 1240 984 certiores
1293 943 1494 984 absentes
1553 943 1786 985 faciebant.

371 1018 485 1058 unde
548 1017 690 1058 adhuc
767 1018 983 1060 tabellarii
1060 1018 1262 1059 dicuntur
1336 1021 1376 1060 et
1436 1019 1606 1060 tabellae
1684 1020 1784 1061 mis-

371 1108 425 1134 sae
473 1094 527 1135 ab
573 1094 923 1148 imperatoribus.
987 1093 1163 1150 HTagax
1222 1095 1481 1136 furunculus
1526 1109 1551 1136 a
1601 1098 1782 1149 tangen-

371 1170 439 1218 do,
494 1171 616 1211 cuius
669 1171 873 1212 vocabuli
914 1171 1108 1213 Lucilius
1151 1172 1375 1213 meminit:
1427 1172 1505 1212 «Et
1551 1172 1779 1220 mutonis†

370 1261 552 1288 manum
604 1247 869 1300 perscribere
922 1261 1048 1301 posse
1101 1251 1316 1301 tagem†.»
1385 1246 1554 1304 “Tages
1601 1249 1782 1290 nomine

301 1334 334 1357 1⁵
369 1324 468 1376 geni
529 1324 643 1365 filius
725 1338 859 1378 nepos
952 1326 1079 1374 lovis,
1173 1339 1281 1378 puer
1342 1325 1498 1366 dieitur
1561 1325 1781 1379 discipuli-

370 1414 473 1441 nam
536 1401 740 1454 aruspicii
818 1401 986 1442 dedisse
1050 1401 1278 1443 duodecim
1340 1402 1515 1455 populis
1579 1401 1783 1443 Etruriae.

370 1475 604 1533 {lTaminia
684 1492 769 1519 uva
850 1478 1059 1519 silvestris
1141 1481 1311 1531 generis
1401 1478 1569 1520 videtur
1630 1479 1780 1520 Verrio

369 1554 494 1604 dicta,
600 1554 716 1608 quod
818 1558 908 1596 tam
1000 1555 1111 1595 mira
1203 1556 1258 1596 sit
1349 1568 1482 1609 quam
1577 1556 1778 1596 minium.

369 1629 387 1686 ΙΙ
402 1631 532 1671 Talus
685 1631 948 1672 Sabinorum
1100 1631 1355 1672 nominibus
1493 1632 1779 1684 praenominis

297 1707 462 1748 201on
525 1707 694 1748 videtur
745 1707 891 1748 fuisse.
955 1706 1272 1762 HTalentorum
1317 1721 1408 1748 non
1456 1721 1593 1748 unum
1628 1720 1779 1760 genus

367 1783 557 1824 Atticum
671 1787 735 1824 est
827 1798 899 1824 sex
1003 1783 1176 1824 milium
1283 1783 1539 1824 denarium:
1664 1783 1778 1824 Rho-

367 1860 487 1901 dium
571 1864 613 1901 et
677 1859 979 1913 cistophorum
1055 1863 1259 1913 quattuor
1320 1860 1489 1901 milium
1552 1863 1593 1901 et
1655 1860 1777 1913 quin-

366 1941 599 1989 gentorum
688 1937 916 1979 denarium
936 1953 944 1977 ε
1041 1937 1386 1979 Alexandrinum
1471 1937 1554 1978 XII
1648 1937 1778 1978 dena-

365 2014 481 2054 rium
502 2030 509 2055 :
624 2013 965 2067 Neapolitanum
1045 2027 1117 2053 sex
1200 2013 1426 2054 denarium
1443 2027 1452 2054 ε
1547 2014 1778 2067 Syracusa-

294 2106 328 2130 25
364 2104 472 2130 num
578 2092 709 2131 trium
815 2090 1074 2131 denarium:
1231 2091 1429 2142 {eginum
1552 2089 1777 2132 victoriati.

366 2165 550 2222 ssTanne
616 2181 666 2207 eo
740 2180 893 2220 usque,
957 2170 1005 2208 ut
1068 2167 1218 2208 Aelius
1297 2166 1406 2208 Stilo
1471 2169 1512 2208 et
1576 2166 1779 2220 Opilium*

367 2245 567 2284 Aurelius
641 2244 995 2297 interpretantur.
1070 2246 1221 2297 ltaque
1294 2243 1522 2285 Afranius:
1605 2243 1777 2284 «Tanne

366 2321 514 2362 arcula
595 2324 671 2362 tua
753 2321 887 2374 plena
981 2324 1044 2361 est
1138 2334 1439 2362 aranearum.»
1568 2318 1778 2375 ”Thaleae

367 2411 527 2437 nomen
604 2397 768 2438 dictum
847 2400 942 2438 estw*
1017 2398 1093 2439 alii
1156 2398 1209 2439 ab
1274 2397 1410 2438 aetatis
1472 2396 1577 2438 flore
1642 2399 1776 2445 aiunt,

296 2489 329 2512 ει)
364 2473 451 2521 alii,
522 2473 634 2526 quod
719 2476 911 2514 carmina
1004 2488 1176 2527 semper
1267 2474 1461 2514 floreant.
1570 2471 1775 2528 ssTalipe-

367 2549 467 2590 dare
559 2550 728 2603 antiqui
822 2550 1024 2591 dicebant
1114 2564 1193 2604 pro
1276 2550 1501 2591 vaccillare
1594 2549 1777 2602 pedibus

366 2626 638 2676 lassitudine,
760 2626 882 2679 quasi
898 2633 914 2659 4
1038 2627 1110 2679 qui
1128 2632 1144 2651 ὲ
1257 2626 1389 2668 trahit
1492 2625 1637 2678 pedes,
1728 2627 1778 2665 ut

365 2702 464 2742 talis
614 2701 812 2743 videatur
962 2702 1161 2743 insistere
1311 2704 1385 2742 aut
1534 2700 1774 2741 identidem

364 2777 515 2817 tollere
569 2778 713 2830 pedes,
781 2776 799 2833 ΙΙ
818 2778 1057 2819 Tammodo
1083 2778 1250 2830 antiqui
1274 2777 1497 2831 ponebant
1519 2790 1598 2830 pro
1629 2776 1774 2827 modo,
