2072 3222
396 120 445 160 12
721 133 846 160 PAULI
870 132 1084 160 EXCERPTA
1107 132 1162 160 Ex
1184 133 1266 160 LIB.
1291 117 1415 161 ΡοΜΡζ
1441 133 1561 160 FESTI
1770 133 1874 157 16—17

453 249 567 302 quod
602 251 665 289 est
699 247 904 297 eontinet,
942 249 1120 301 ponitur
1134 264 1142 297 ;
1181 249 1297 289 unde
1346 262 1522 292 coercere
1561 249 1783 290 continere
1817 250 1877 290 di·
1920 257 1951 291 16

454 321 603 359 eimus.
627 318 828 358 Trahitur
843 321 988 359 autem
1002 318 1085 359 hoe
1099 319 1279 359 verbum
1296 333 1320 360 a
1335 318 1583 360 Graecorum
1608 320 1877 373 magistratu,

453 403 583 442 quem
606 389 671 428 illi
696 387 826 444 ἀρχὴν
863 390 1032 437 vocant,
1054 389 1114 439 in
1139 390 1261 430 euius
1284 392 1497 443 potestate
1534 393 1597 431 est
1618 391 1687 431 vel
1710 403 1876 443 eogere,

453 460 519 500 vel
542 459 788 513 prohibere.

335 547 350 571 5
393 530 601 572 Arcani
634 529 848 572 sermonis
885 529 1142 583 significatio
1186 530 1372 572 trahitur
1418 533 1507 572 sive
1542 532 1597 573 ab
1634 545 1744 581 aree,
1785 544 1880 584 quae

404 651 405 656 ¹
451 602 671 642 tutissima
703 614 803 653 pars
838 604 902 641 est
922 600 1065 649 urbis;
1103 602 1191 642 sive
1227 614 1252 641 a
1275 615 1433 654 genere
1457 602 1668 652 sacrificii,
1695 602 1811 655 quod
1833 604 1880 642 in

452 686 548 712 aree
572 671 619 711 fit
642 672 697 712 ab
721 671 972 724 auguribus,
1021 670 1128 712 adeo
1152 674 1368 713 remotum
1393 687 1418 714 a
1440 673 1592 714 notitia
1628 673 1809 726 vulgari,
1834 676 1882 713 ut

374 796 377 799 v
452 757 505 783 ne
530 743 684 783 litteris
721 742 899 795 quidem
934 743 1180 792 mandetur,
1220 744 1294 784 sed
1330 757 1407 797 per
1429 745 1688 785 memoriam
1713 758 1880 785 sucees-

356 802 374 868 χ’
453 827 598 854 sorum
634 813 897 862 celem-etun
935 816 1023 854 sive
1060 814 1114 855 ab
1138 828 1252 864 area,
1276 815 1321 855 in
1348 829 1433 868 qua
1469 829 1562 868 quae
1587 815 1736 856 clausa
1767 818 1881 860 sunt,

338 900 372 924 10
460 888 552 926 tuto
576 888 771 934 manent,
797 887 919 925 euius
942 886 1079 939 ipsius
1104 887 1222 938 origo
1247 886 1301 927 ab
1327 886 1514 927 arcendo
1537 886 1711 940 pendet.

395 954 663 996 Arculum
699 955 985 1009 appellabant
1020 958 1243 1006 circulum,
1281 971 1409 1010 quem
1446 957 1577 1010 capiti
1610 957 1883 1011 inponebant

455 1026 507 1067 ad
531 1025 787 1067 sustinenda
802 1027 1073 1067 eommodius
1088 1041 1205 1075 vasa,
1230 1041 1325 1080 quae
1341 1028 1393 1069 ad
1412 1042 1534 1069 saera
1550 1028 1730 1081 publiea
1743 1029 1883 1081 eapite

452 1097 753 1150 portabantur,

395 1167 632 1208 AI'CUIUS
654 1168 892 1221 putabatur
922 1182 1013 1209 esse
1053 1168 1170 1218 deus,
1196 1171 1270 1222 qui
1292 1170 1476 1210 tutelam
1491 1172 1656 1222 gereret
1672 1182 1883 1211 arcarum.

342 1255 373 1277 15
399 1238 663 1278 Arcuit-tta
697 1238 955 1279 dicebantur
1002 1239 1165 1287 circuli,
1206 1240 1279 1293 qui
1314 1255 1363 1280 ex
1408 1240 1549 1281 farina
1583 1242 1628 1281 in
1664 1239 1885 1281 sacrifieiis

457 1308 633 1349 fiebant.

397 1378 603 1419 Arcula
626 1378 850 1419 dicebatur
873 1380 978 1428 avis,
1003 1393 1097 1434 quae
1121 1381 1166 1419 in
1187 1381 1392 1433 auspiciis
1406 1381 1582 1421 vetabat
1595 1380 1760 1433 aliquid
1778 1379 1883 1421 fieri.

398 1449 627 1490 Asseres
650 1449 763 1498 dicti,
789 1450 903 1503 quod
927 1450 1147 1491 assideant
1169 1452 1323 1504 parieti
1345 1451 1642 1505 trabibusque.

399 1519 722 1560 Assaratum
756 1521 871 1574 apud
906 1521 1111 1574 antiquos
1147 1522 1372 1563 dicebatur
1405 1536 1542 1575 genus
1566 1522 1784 1576 quoddam
1808 1536 1883 1575 po-

339 1608 378 1631 20
457 1591 587 1631 tionis
611 1605 660 1631 ex
682 1591 784 1632 vino
808 1594 850 1633 et
871 1594 1083 1645 sanguine
1107 1595 1412 1646 temperatum,
1448 1593 1564 1646 quod
1586 1593 1734 1634 Latini
1756 1592 1885 1648 prisci

459 1663 718 1714 sanguinem
742 1674 863 1716 assyr
884 1666 1103 1704 vocarent.

400 1732 692 1773 Ambrioes
714 1734 887 1786 regulae,
923 1748 1016 1787 quae
1050 1737 1307 1776 transversae
1343 1735 1561 1776 asseribus
1584 1738 1625 1776 et
1646 1735 1800 1788 tegulis
1822 1737 1886 1776 in-

460 1806 761 1857 terponuntur.

402 1873 575 1914 Antes
599 1877 700 1915 sunt
735 1875 915 1916 extremi
938 1877 1114 1917 ordines
1141 1877 1383 1917 vinearum.
1419 1876 1545 1917 Unde
1570 1877 1701 1918 etiam
1724 1890 1888 1918 nomen

343 1961 377 1984 25
462 1944 641 1985 trahunt
666 1953 804 1995 aretae,
832 1960 925 1999 quae
955 1950 1055 1989 sunt
1078 1948 1215 1989 latera
1237 1948 1461 1988 ostiorum.

402 2014 656 2056 Ambitus
679 2019 851 2070 proprie
875 2018 1031 2058 dieitur
1052 2019 1165 2059 inter
1181 2019 1423 2058 vicinorum
1442 2017 1623 2059 aedificia
1640 2018 1761 2059 loeus
1784 2018 1886 2059 duo-

461 2099 555 2125 rum
600 2086 761 2139 pedum
816 2090 857 2128 et
905 2088 1139 2141 semipedis
1183 2089 1237 2129 ad
1293 2089 1591 2129 circumeundi
1631 2089 1887 2130 facultatem

462 2156 651 2196 relictus.
675 2156 738 2197 Ex
762 2172 847 2210 quo
883 2159 1016 2200 etiam
1051 2159 1230 2199 honoris
1265 2159 1456 2199 ambitus
1480 2159 1563 2200 diei
1587 2162 1753 2213 coeptus
1778 2162 1841 2200 est
1863 2173 1888 2200 a

463 2228 772 2268 circumeundo
807 2229 1196 2282 supplicandoque.
1232 2227 1424 2272 Ambitio
1460 2233 1524 2271 est
1544 2229 1639 2284 ipsa
1661 2231 1773 2271 aetio
1796 2245 1885 2272 am-

345 2314 380 2337 So
464 2296 635 2338 hient-is.

405 2366 598 2408 Amnis
646 2371 815 2422 proprie
851 2370 1008 2411 dieitur
1043 2385 1068 2411 a
1114 2371 1440 2417 circumnando,
1490 2373 1697 2424 quoniam
1734 2385 1805 2413 am
1839 2386 1889 2413 ex

466 2436 615 2478 Graeea
662 2440 966 2492 praepositione
1013 2443 1250 2494 sumptum,
1288 2447 1382 2494 quae
1417 2444 1480 2482 est
1516 2440 1631 2498 ἀμφί,
1675 2440 1890 2494 signifieat

466 2509 639 2557 circum,
665 2512 705 2549 et
729 2524 829 2551 mere
852 2509 998 2551 fluere.
1514 2501 1517 2505 ¹

406 2577 740 2629 Ambiguuln
764 2583 838 2628 est,
875 2582 988 2633 quod
1024 2582 1069 2621 in
1093 2581 1243 2622 ambas
1278 2581 1347 2634 agi
1380 2584 1525 2634 partes
1554 2582 1709 2634 ,animo
1732 2585 1887 2635 potest.
1926 2597 1957 2631 17

351 2665 384 2689 36
468 2648 730 2690 Huiusmodi
754 2650 870 2703 apud
894 2650 1065 2692 Graeeos
1090 2650 1298 2707 ἀμφίβολα.
1322 2651 1534 2692 dicuntur.

408 2719 724 2760 Ambrones
746 2720 920 2762 fuerunt
942 2736 1047 2774 gens
1071 2722 1267 2774 quaedam
1292 2721 1475 2771 Gallica,
1500 2722 1573 2775 qui
1595 2722 1738 2763 subita
1759 2721 1887 2762 inunss

469 2789 644 2830 datione
668 2790 796 2830 maris
820 2805 917 2831 eum
936 2792 1183 2832 amisissent
1205 2791 1325 2832 sedes
1350 2805 1462 2839 suas,
1487 2793 1652 2845 rapinis
1667 2794 1709 2833 et
1722 2792 1886 2846 praeda-
