2072 3222
342 138 421 178 194
483 151 541 180 QU-
557 151 605 175 rx.
622 149 665 174 28.
751 151 874 179 rss'rr
887 151 1041 179 FRAGM.
1060 152 1086 178 E
1100 152 1192 180 con.
1207 152 1329 180 FARN.
1344 152 1383 180 L.
1398 152 1489 180 xm.
1669 153 1700 176 P.
1717 150 1767 176 178
1780 152 1818 176 M.

406 267 489 308 hoc
509 281 681 320 quoque
695 267 808 307 libro
824 269 1052 309 contentae,
1065 281 1159 320 quae
1174 281 1270 317 VOX,
1292 270 1340 309 ut
1366 268 1629 321 quibusdam
1638 268 1818 317 videtur,

407 358 456 385 ex
504 342 651 384 Graeca
706 342 874 384 OEMH}
930 345 1065 385 tracta
1119 347 1196 385 est.
1350 342 1368 400 ΙΙ
1389 343 1578 386 Octaviae
1625 346 1819 398 porticus

410 420 504 461 duae
552 420 846 473 appellantur,
908 433 1093 473 quarum
1148 421 1346 470 alteram,
1397 421 1567 462 theatro
1620 421 1817 462 Marcelli

408 495 670 550 propiorem,
719 495 899 537 Octavia
945 509 1068 537 soror
1115 497 1297 550 Augusti
1343 497 1466 546 l'ecit;
1501 497 1685 539 alteram
1726 498 1817 539 the-

356 589 371 613 5
408 575 499 615 atro
522 574 702 626 Pompei
724 573 968 627 proximam
1001 574 1083 615 CN.
1118 572 1322 614 Octavius
1355 573 1437 615 CN.
1471 573 1598 622 filius,
1634 574 1708 628 qui
1739 574 1820 616 fuit

405 649 511 690 Aed.
575 663 662 690 cur.
725 649 794 689 Pr.
860 648 953 690 Cos.
1029 648 1320 690 decemvirum
1395 650 1526 690 sacris
1597 650 1818 699 faciendis,

406 726 776 780 triumphavitque
810 726 860 767 de
892 740 990 779 rege
1022 726 1182 773 Persent
1215 728 1361 769 navali
1395 727 1646 781 triumpho:
1686 741 1818 781 quam

408 803 680 844 combustam
732 809 809 849 1·θὴ
851 803 1129 844 reficiendam
1181 804 1345 845 curavit
1392 803 1534 845 Caesar
1598 806 1818 856 Augustus

408 877 426 935 ΙΙ
450 879 614 932 Ogygia
694 879 857 920 moenia
950 880 1104 920 Accius
1182 881 1227 920 in
1310 880 1518 922 Diomede
1586 880 1818 933 appellans

338 964 372 990 1⁰
407 955 621 1008 significat
667 955 853 1004 Thebas,
901 956 1001 1009 quia
1050 969 1146 997 eam
1194 956 1346 997 urbem
1392 955 1564 1010 Ogygus
1602 957 1817 997 condidis—

406 1034 505 1073 set†
572 1031 769 1073 traditur.
849 1030 867 1087 ΙΙ
891 1032 1081 1082 Occasio,
1146 1035 1420 1086 oportunitas
1482 1034 1718 1086 temporis·
1752 1047 1817 1074 ca-

407 1122 458 1149 su
492 1108 681 1161 quodam
713 1110 1011 1162 provenientis
1045 1113 1118 1150 est.
1154 1107 1172 1164 ΙΙ
1193 1109 1393 1158 Occasus.
1417 1110 1626 1153 interitus,
1651 1110 1718 1151 vel
1742 1109 1816 1151 So-

405 1184 472 1235 lis,
518 1199 617 1225 cum
663 1185 819 1227 decidit
864 1199 887 1227 a
932 1185 1099 1239 superis
1133 1185 1246 1227 iufra
1276 1189 1437 1227 terras:
1485 1199 1570 1238 quo
1604 1186 1817 1227 vocabulo

405 1260 577 1302 Ennius
621 1275 697 1315 pro
743 1261 967 1302 occasione
1014 1266 1076 1302 est
1108 1275 1211 1302 usus
1244 1263 1291 1302 in
1322 1263 1349 1302 l.
1383 1263 1461 1303 IL:
1517 1263 1607 1303 «hic
1641 1276 1818 1304 occasus

356 1351 389 1376 15
407 1337 532 1379 datus
575 1340 652 1388 est,
697 1341 740 1379 at
785 1337 956 1379 Oratius
1000 1338 1191 1379 inclutus
1237 1338 1389 1380 saltu.»
1440 1338 1544 1379 item
1582 1339 1626 1379 in
1659 1339 1708 1379 L.
1742 1340 1816 1380 Va

414 1415 556 1455 «inicit
619 1415 834 1464 inritatus,
897 1417 1016 1456 tenet
1079 1428 1270 1464 occasus,
1333 1418 1453 1456 iuvat
1514 1430 1618 1456 res.»
1708 1417 1817 1457 Item

406 1493 452 1531 in
514 1492 561 1532 L.
625 1491 766 1532 VHL:
837 1494 933 1532 «aut
996 1504 1174 1532 occasus
1237 1492 1323 1542 ubi,
1384 1495 1610 1545 tempusve
1663 1492 1819 1533 audere

406 1569 646 1622 repressit.»
717 1566 734 1623 ΙΙ
755 1567 956 1609 Occisum
990 1582 1015 1608 a
1047 1570 1201 1609 necato
1236 1567 1443 1620 distingui
1478 1568 1671 1621 quidam,
1705 1568 1819 1621 quod

408 1645 592 1686 alterum
657 1658 682 1685 a
734 1644 938 1686 caedendo
1001 1647 1130 1697 atque
1194 1646 1283 1685 ictu
1344 1644 1437 1685 fieri
1500 1644 1662 1694 dicunt,
1714 1646 1817 1686 alte-

350 1740 391 1764 20
406 1735 504 1762 rum
556 1721 646 1761 sine
699 1720 798 1761 ictu.
853 1722 1000 1774 itaque
1048 1722 1093 1761 in
1142 1721 1308 1763 Numae
1357 1721 1545 1775 Pompili
1597 1722 1709 1774 regis
1760 1722 1817 1763 le-

406 1797 531 1849 gibus
564 1798 771 1850 scriptum
805 1811 921 1838 esse:
974 1798 1032 1838 «si
1078 1797 1303 1838 hominem
1335 1798 1628 1843 sulininibus†
1662 1798 1819 1846 occisit,

407 1887 459 1914 ne
508 1887 638 1927 supra
684 1886 827 1926 genua
874 1873 1016 1914 tollito
1032 1880 1088 1915 4.»
1156 1873 1212 1914 Et
1260 1874 1384 1915 alibi:
1438 1874 1596 1915 «homo
1651 1874 1687 1914 si
1737 1875 1818 1914 ful-

406 1949 522 1989 mine
591 1949 756 1990 occisus
819 1951 896 1999 est,
961 1949 998 1991 ei
1060 1952 1173 1991 iusta
1246 1951 1371 1992 nulla
1444 1951 1535 1992 fieri
1608 1952 1814 2004 oportet.»

407 2024 426 2079 ΙΙ
446 2024 630 2067 October
674 2039 810 2078 equus
855 2027 1109 2080 appellatur,
1144 2027 1215 2080 qui
1250 2028 1293 2067 in
1326 2041 1480 2080 campo
1514 2027 1668 2068 Martio
1701 2040 1818 2068 men-

357 2115 452 2142 25se
516 2100 606 2143 Oct.
670 2102 923 2142 immolatur
986 2103 1102 2155 quod
1166 2104 1325 2149 annis†
1402 2103 1543 2151 Marti,
1618 2104 1818 2156 bigarum

408 2178 672 2230 vietrigum³jr
723 2178 947 2219 dexterior.
1001 2179 1052 2219 de
1101 2179 1222 2220 cuius
1270 2179 1408 2232 capite
1457 2193 1546 2220 non
1579 2180 1685 2220 levis
1718 2193 1817 2220 con-

407 2255 543 2295 tentio
619 2254 787 2295 solebat
861 2268 952 2295 esse
1016 2256 1130 2296 inter
1192 2255 1502 2304 Suburaneses,
1567 2259 1608 2296 et
1669 2255 1817 2297 Sacra-

408 2332 588 2376 vienses‚
651 2333 699 2371 ut
760 2331 806 2372 hi
868 2331 913 2371 in
975 2332 1101 2383 regies
1164 2333 1342 2385 pariete,
1419 2333 1484 2372 illi
1547 2332 1602 2373 ad
1664 2334 1818 2373 turrim

408 2406 650 2448 Mamiliam
692 2407 735 2447 id
778 2407 1002 2460 fige1²int†;
1047 2407 1327 2460 eiusdemque
1364 2407 1500 2460 quod†
1535 2411 1708 2453 atanta³r
1755 2422 1818 2449 ce-

337 2502 373 2527 30
408 2483 576 2523 leritate
628 2483 843 2536 perfertur
895 2484 940 2523 in
992 2484 1168 2535 regiam,
1224 2487 1270 2524 ut
1323 2498 1371 2525 ex
1420 2498 1469 2525 ea
1518 2484 1694 2537 sanguis
1747 2484 1818 2525 de.-

408 2559 541 2599 stillet
602 2559 646 2599 in
708 2560 868 2608 focum,
931 2559 1236 2613 participandae
1312 2560 1375 2600 rei
1449 2560 1603 2601 divina¹
1667 2561 1816 2613 gratia.

409 2648 538 2687 quem
587 2635 735 2675 hosti-ee
781 2633 867 2677 loco
936 2634 1112 2688 quidam
1151 2636 1278 2676 Marti
1335 2636 1489 2677 bellico
1522 2636 1615 2677 deo
1660 2637 1818 2676 sacrari

410 2711 568 2758 dicunt,
618 2725 703 2751 non
755 2714 802 2751 ut
851 2712 1004 2763 vulgus
1052 2714 1189 2764 putat,
1239 2712 1339 2764 quia
1389 2712 1505 2753 velut
1552 2713 1817 2766 supplicium
