2072 3222
377 160 461 200 2502
525 172 582 201 QU-
599 172 632 196 X·
654 170 697 195 25-
833 172 954 200 FESTI
969 173 1125 201 FRAGM.
1141 173 1196 200 Ex
1212 173 1359 201 APOGR.
1375 173 1414 200 L.
1431 173 1512 200 XIV.
1692 173 1722 198 P.
1744 172 1797 197 *209
1816 173 1854 197 M.

399 617 413 641 5

384 995 418 1018 10

385 1371 417 1395 15

384 1761 421 1784 20

386 2528 423 2549 31)

447 289 521 330 alii
616 288 774 337 Graece,
857 288 931 330 sed
1014 287 1204 335 αἰολικῶς
1288 289 1462 330 dictum.
1546 287 1796 344 ”Petimina

446 366 491 406 in
538 366 696 407 umeris
731 366 1029 406 iumentorum
1064 365 1223 414 ulcera,
1249 368 1289 406 et
1326 366 1456 418 vulgo
1487 365 1714 419 appellat2's,
1756 369 1796 407 et

447 442 640 482 Lucilius
683 441 885 482 meminit
929 455 1059 494 quom
1102 442 1184 482 ait:
1233 441 1311 482 .1Ut
1346 444 1540 495 petimen
1578 455 1685 482 naso
1724 445 1799 482 aut

448 518 621 559 lumbos
674 517 910 559 cervicibus
963 520 1151 572 tangat.»
1213 532 1262 559 eo
1316 518 1496 559 nomine
1549 521 1710 567 autem,
1758 521 1800 559 et

446 597 561 636 inter
598 595 705 635 duos
729 608 869 636 armos
893 594 980 635 suis
1016 594 1131 647 quod
1167 596 1230 635 est
1265 597 1340 636 aut
1374 597 1552 642 nectos†
1587 595 1799 649 appellari

448 671 625 712 solitum
640 673 821 712 testatur
834 671 1003 712 Naevius
1018 670 1063 710 in
1079 670 1367 724 descriptione
1383 671 1505 712 sullze
1521 677 1553 721 †,
1570 685 1701 724 quom
1718 672 1798 712 ait:

455 749 691 789 «Petimine
735 748 901 801 piscino
942 749 1013 801 qui
1054 751 1308 789 meruerat.»
1354 746 1372 803 ΙΙ
1388 748 1560 789 Pennas
1599 749 1801 801 antiquos

449 825 615 871 fertum*
650 825 892 878 appellasse
927 838 1090 877 peenas
1104 830 1121 869 ·?-
1157 838 1206 865 ex
1236 823 1400 874 Graeco,
1426 825 1540 877 quod
1562 825 1628 865 illi
1650 828 1798 881 πετηνά

450 908 619 956 aquae⁵s
704 904 807 942 sunt
874 902 1115 942 volucriora
1128 908 1156 950 ³]r,
1227 901 1385 942 dicant.
1453 902 1563 942 Item
1629 901 1801 942 easdem

452 993 621 1032 pesnas,
678 982 725 1020 ut
760 992 924 1019 cesnas.
983 976 1158 1033 llPiotor
1211 978 1365 1019 Zeuxis
1408 978 1544 1025 risui†
1587 981 1798 1027 mortuus,

452 1057 556 1098 dum
617 1056 727 1097 ridet
778 1056 912 1097 effuse
965 1057 1127 1109 pictam
1181 1070 1203 1096 a
1257 1069 1300 1096 se
1354 1068 1488 1096 anum
1540 1061 1675 1108 γραῦν.
1730 1068 1804 1095 cur

451 1134 532 1174 hoc
585 1133 678 1174 loco
732 1133 915 1174 relatum
960 1134 1014 1173 sit
1057 1146 1081 1172 a
1122 1131 1284 1181 Verrio,
1328 1145 1426 1172 cum
1469 1131 1520 1172 de
1563 1131 1802 1184 significatu

452 1211 680 1251 verborum
746 1209 929 1249 scribere
993 1210 1263 1261 propositum
1330 1208 1541 1257 habuerit,
1601 1208 1803 1261 equidem

452 1301 543 1328 non
599 1286 734 1334 video,
795 1300 892 1326 cum
948 1285 1185 1326 versiculos
1241 1298 1413 1337 quoque
1457 1284 1697 1325 adhaereret
1739 1288 1802 1326 tu-

452 1364 584 1411 lerit³s
640 1365 681 1404 et
722 1365 866 1415 septos
909 1362 1024 1415 pati:
1070 1361 1177 1409 seem
1221 1361 1383 1402 nullius
1427 1362 1652 1416 pi‘aetoi·is†
1695 1375 1799 1414 prav-

452 1443 566 1482 texto
609 1439 813 1481 nomine:
860 1439 931 1492 qui
970 1442 1119 1479 tamen
1159 1441 1261 1479 sunt
1298 1439 1355 1479 hi.
1403 1439 1535 1479 “Nam
1575 1438 1679 1491 quid
1716 1452 1802 1478 mo—

452 1518 493 1558 di
525 1518 716 1558 facturus
748 1519 838 1557 risu
882 1516 1102 1569 denique?
1147 1516 1230 1556 nisi
1274 1516 1412 1569 pictor
1453 1515 1545 1556 fieri
1587 1515 1692 1562 vult,
1732 1516 1804 1568 qui

451 1593 539 1634 risu
592 1596 788 1635 mortuus
843 1595 942 1634 est.»
1003 1590 1020 1647 ΙΙ
1036 1592 1151 1633 Picta
1197 1605 1290 1645 quae
1333 1606 1449 1632 nunc
1492 1595 1590 1645 toga
1634 1591 1800 1641 dicitur,

453 1684 671 1724 purpurea
721 1675 820 1710 ante
865 1670 1051 1710 vocitata
1093 1672 1168 1717 est,
1213 1682 1349 1722 eaque
1394 1671 1485 1709 erat
1527 1668 1620 1709 sine
1664 1668 1801 1722 pictu—

452 1761 513 1788 ra.
585 1748 675 1787 eius
727 1746 788 1787 rei
841 1747 1149 1798 argumentum
1217 1748 1278 1786 est
1344 1747 1536 1798 pictum†
1605 1746 1650 1785 in
1715 1744 1803 1785 :ede

455 1823 697 1873 Vertumni,
742 1826 784 1863 et
833 1821 979 1870 Consi,
1024 1836 1208 1875 quarum
1252 1822 1297 1861 in
1343 1822 1480 1863 altera
1522 1821 1579 1863 M.
1623 1821 1803 1862 Fulvius

454 1900 646 1948 Flaccus,
683 1901 729 1940 in
768 1900 902 1939 altera
943 1899 1019 1942 'll-v-
1058 1899 1255 1952 Papirius
1292 1898 1450 1939 Oursor
1484 1898 1804 1951 triumphantes

455 1977 511 2017 ita
571 1977 671 2029 picti
730 1978 844 2016 sunt.
905 1976 1070 2016 Tunica·
1128 1978 1273 2015 autem
1330 1975 1528 2029 palmata
1580 1990 1603 2016 a
1658 1975 1802 2016 latitu-

456 2052 555 2094 dine
613 2054 830 2094 clavorum
886 2052 1121 2102 dicebatur,
1179 2065 1271 2104 quw
1316 2065 1433 2092 nunc
1477 2066 1501 2092 a
1542 2065 1699 2104 genere
1741 2051 1802 2104 pi-

407 2133 602 2171 wturae
668 2130 926 2183 appellatur.
1013 2126 1032 2183 ΙΙ
1047 2130 1277 2182 Impetum,
1340 2128 1617 2173 industrium,
1662 2128 1802 2168 indul-

455 2210 625 2259 gentem
712 2206 891 2259 perinde
966 2206 1209 2258 composita
1282 2205 1340 2245 ait
1413 2205 1601 2252 Verrius,
1675 2207 1803 2257 atque

455 2285 649 2336 impune,
710 2286 749 2323 et
804 2283 1039 2323 immunis:
1095 2282 1202 2322 mihi
1258 2295 1347 2322 non
1404 2283 1507 2322 satis
1560 2280 1802 2334 persuadet.

457 2358 474 2414 ΙΙ
491 2359 647 2400 Pietati
703 2359 855 2400 aedem
910 2362 1206 2400 consecratam
1262 2358 1316 2399 ab
1374 2357 1544 2405 Acillo†
1587 2358 1710 2398 aiunt
1753 2370 1802 2397 eo

456 2437 549 2476 loco
634 2450 718 2488 quo
798 2435 1020 2488 quondam
1104 2435 1260 2475 mulier
1343 2435 1614 2483 habitaverit,
1697 2447 1804 2486 quae

455 2516 623 2566 patrem
705 2526 833 2552 suum
915 2512 1131 2552 inclusum
1209 2525 1376 2552 carcere
1453 2511 1658 2551 mammis
1735 2524 1802 2551 su-

457 2590 490 2630 is
564 2591 676 2630 clam
752 2589 930 2630 aluerit:
1009 2589 1063 2629 ob
1138 2589 1217 2628 hoc
1292 2589 1468 2635 factum,
1532 2587 1772 2640 impunitus
1787 2598 1804 2618 4

458 2668 496 2707 ei
607 2680 812 2707 concessa
925 2669 1000 2706 est.
1108 2663 1127 2720 ΙΙ
1143 2665 1291 2706 Picum
1398 2678 1521 2705 avem
1629 2663 1803 2716 quidam

456 2743 619 2783 dictum
723 2745 878 2796 putant
983 2755 1003 2780 a
1110 2741 1208 2781 Pico
1312 2753 1410 2792 rege
1504 2740 1803 2791 Aboriginum,
