2072 3222
212 190 350 216 102.—l()55
606 193 658 219 DE
681 191 1024 219 SIGNIFICATIONE
1042 192 1283 220 VERBORUM.
1631 179 1683 219 73

208 307 488 349 Horreum
510 308 675 361 antiqui
686 305 886 363 farreum
912 306 1111 348 dicebant
1133 322 1157 348 a
1179 309 1304 349 farre.

208 378 397 419 Hostis
431 377 545 431 apud
579 379 779 430 antiquos
814 378 1068 430 peregrinus
1104 378 1337 426 dicebatur,
1378 381 1419 419 et
1458 382 1528 432 qui
1567 393 1683 420 nunc

267 448 418 498 hostis,
440 445 695 505 perduellio.

208 519 405 560 Hostia
427 519 540 559 dicta
563 521 626 560 est
648 520 700 559 ab
725 532 790 567 eo,
815 517 928 571 quod
951 522 1014 559 est
1036 516 1188 560 hostire
1210 520 1349 560 ferire.

207 589 568 630 Hordiarium
591 600 675 639 aes,
696 588 810 641 quod
832 602 912 642 pro
927 588 1090 629 hordeo
1116 590 1247 642 equiti
1262 590 1462 630 Romano
1488 590 1682 632 dabatur.
1707 607 1721 629 5

207 659 623 701 Hostimentum
644 660 839 700 beneficii
863 660 1074 713 pensatio.

207 729 444 771 Hortus*
468 730 583 784 apud
605 731 806 783 antiquos
830 729 973 770 omnis
995 730 1100 770 villa.
1122 729 1356 779 dicebatur,
1381 731 1495 784 quod
1519 732 1594 778 ibi,
1611 733 1683 784 qui

266 815 385 842 arma
408 814 558 854 capere
581 803 762 854 possint,
788 801 1015 841 orirentur.

206 872 480 912 Horetum
503 874 543 912 et
564 870 803 912 forctum
825 884 903 924 pro
927 871 1044 911 bono
1070 871 1281 912 dicebant.

206 942 536 994 Hosticapas
557 942 747 983 hostium
771 945 933 995 captor.
1707 958 1741 982 10

206 1012 655 1054 Hamotrahones
689 1012 763 1053 alii
796 1012 1046 1066 piscatores,
1090 1013 1177 1061 alii,
1222 1015 1292 1065 qui
1326 1026 1438 1053 unco
1475 1013 1681 1054 cadavera

264 1083 455 1124 trahunt.

205 1153 399 1195 Horda
420 1168 664 1207 praegnans,
698 1154 813 1194 unde
839 1153 941 1202 dies,
977 1167 1061 1206 quo
1085 1153 1269 1206 gravidae
1294 1153 1445 1194 hostiae
1480 1154 1680 1195 immola-

265 1225 435 1274 bantur,
459 1221 586 1266 Hord
592 1223 627 1267 ic
634 1221 678 1266 id
684 1223 724 1266 ia
733 1257 741 1265 .

206 1295 550 1336 Honorarios
572 1295 713 1344 ludos,
738 1309 844 1348 quos
868 1298 908 1335 et
930 1294 1148 1336 Liberalia-
1170 1294 1379 1336 dicebant.
1705 1311 1738 1335 15

136 1369 185 1404 103
205 1365 589 1406 Hodoedocos*
614 1366 724 1407 latro
748 1368 875 1419 atque
899 1366 1099 1407 obsessor
1120 1366 1300 1406 riarum.

206 1436 551 1478 Homeltium
572 1436 694 1490 pillei
715 1450 864 1490 genus.

206 1507 591 1560 Hyperionem
614 1507 687 1548 alii
709 1510 877 1560 patrem
899 1507 1016 1556 solis,
1051 1506 1123 1547 alii
1145 1508 1301 1560 ipsum,
1327 1507 1442 1560 quod
1465 1510 1532 1549 eat
1554 1521 1683 1561 super

264 1581 413 1628 terraS,
436 1579 496 1618 ita
519 1578 787 1631 appellatum
809 1577 1035 1631 putabant.

205 1649 527 1689 Humanum
548 1648 803 1689 sacrificium
828 1648 1039 1698 dicebant,
1069 1647 1183 1701 quod
1206 1650 1365 1689 mortui
1388 1661 1515 1689 causa
1537 1647 1678 1688 fiebat.
1703 1665 1738 1690 20

205 1718 562 1771 Hyperborei
584 1732 714 1772 supra
736 1718 952 1772 aquilonis
974 1718 1124 1761 flatum
1148 1719 1393 1760 habitantes
1417 1718 1528 1766 dicti,
1567 1717 1681 1771 quod

264 1790 465 1830 humanae
490 1791 585 1830 vitae
613 1789 793 1830 modum
817 1789 1024 1831 excedant
1055 1790 1236 1831 vivendo
1260 1790 1371 1830 ultra
1394 1790 1680 1830 centesimum

264 1875 443 1908 annum,
468 1859 511 1900 id
534 1863 597 1901 est
620 1858 919 1914 ὑπερβαίνοντες
945 1860 1036 1914 ὅρον
1060 1861 1205 1901 saeculi
1229 1860 1424 1900 hnmani.

206 1930 467 1971 Helvella
489 1931 639 1972 holera
660 1932 841 1972 minuta.

206 2001 428 2042 Hanula
449 2015 581 2055 parva
603 2002 796 2051 delubra,
822 2004 943 2054 quasi
965 2002 1128 2042 fanilla.

208 2283 299 2325 Im
320 2286 546 2339 ponebant
566 2298 644 2338 pro
670 2299 781 2334 eum,
806 2298 831 2325 a
852 2285 1121 2326 nominativo
1145 2285 1193 2324 18.

206 2356 422 2406 Ianeus,
445 2358 619 2396 ianitor.
1703 2370 1738 2393 30

205 2425 360 2467 Iusa*
385 2428 493 2468 iura.

205 2496 400 2538 Iubere
425 2497 666 2549 ponebatur
687 2510 766 2549 pro
791 2496 943 2546 dicere,
980 2495 1094 2547 quod
1118 2495 1230 2536 valet
1265 2493 1480 2534 interdum
1504 2506 1582 2547 pro
1607 2492 1677 2532 de-

266 2580 451 2616 cernere,
475 2569 543 2607 ut:
574 2564 758 2624 populas
781 2565 917 2608 flasset.

206 2636 428 2678 Iunium
450 2651 646 2678 mensem
670 2637 832 2678 dictum
854 2638 1012 2690 putant
1047 2650 1070 2676 a
1093 2636 1274 2676 Iunone.
1308 2635 1427 2675 Idem
1450 2636 1592 2687 ipsum
1618 2634 1677 2674 (li-

266 2707 421 2748 cebant
443 2707 679 2748 lunonium
705 2710 747 2748 et
768 2707 1041 2748 Iunonalem.

207 2777 423 2828 fillium,
448 2777 560 2830 quod
585 2791 633 2818 eo
657 2791 806 2818 mense
830 2777 983 2817 dicitur
1006 2777 1139 2817 Iulius
1162 2779 1301 2816 natus.

207 2847 463 2899 1urgatiQ
488 2849 591 2889 iuris
613 2850 736 2889 actiO.
