2072 3222
271 139 358 180 420
419 151 475 181 Qu.
497 150 573 176 ΧΠ.
594 149 618 177 1.
675 151 797 179 FEsTI
822 150 979 179 FRAGM.
995 150 1021 177 Ε
1041 151 1133 178 con.
1147 150 1271 179 ΜΒΝ.
1286 150 1324 178 L.
1339 149 1457 178 xvm.
1591 148 1624 172 P·
1645 146 1697 172 297
1716 147 1756 172 M-

276 972 311 996 10

343 265 361 322 ΙΙ
379 266 512 308 Secus
534 266 714 320 Valgius
736 267 864 320 putat
888 279 937 307 ex
964 264 1114 308 Graeco
1137 265 1253 319 quod
1276 268 1340 307 est
1362 265 1459 311 ἑκὰς
1484 263 1661 306 dictum.
1685 264 1759 305 ab-

342 343 468 385 surde
511 343 685 385 scilicet.
743 342 959 394 significat
1003 342 1120 383 enim
1163 345 1310 396 aperte
1355 342 1490 389 aliter,
1551 340 1758 393 exemplis

343 420 543 461 omnium
556 419 656 469 fere,
674 420 748 472 qui
764 432 861 461 eam
880 432 1028 460 vocem
1054 421 1283 472 usurpant.
1303 417 1320 474 ΙΙ
1337 418 1501 472 Stipem
1520 430 1613 458 esse
1630 430 1756 457 num·

342 510 464 538 mum
499 495 733 548 signatum,
767 495 1020 537 testimonio
1056 498 1120 536 est
1143 498 1186 536 et
1209 495 1261 536 de
1299 509 1349 536 eo
1384 500 1509 548 quae³s
1532 494 1661 536 datur
1685 493 1756 533 sti-

342 573 554 627 pendium
587 571 731 621 militi,
766 574 808 612 et
840 585 940 612 cum
975 571 1218 625 spondetur
1240 571 1444 626 pecunia,
1470 570 1587 624 quod
1622 572 1756 623 stipu-

342 650 423 690 lari
446 649 610 691 (licitur.
636 647 654 705 ΙΙ
669 648 880 690 Sobrinus
898 650 978 698 est,
1001 650 1050 688 ut
1073 649 1133 688 ait
1150 646 1304 689 Gallus
1327 648 1490 697 Aelius,
1512 648 1647 701 patris
1670 646 1759 686 mei

343 725 595 767 consobrini
688 724 816 774 filius,
918 727 960 765 et
1041 724 1192 765 matris
1279 737 1387 765 meae
1482 723 1758 764 consobrinae

344 803 460 845 filius
573 802 789 849 femina.†
904 801 1043 842 isdem
1135 800 1186 842 de
1299 800 1441 842 causis
1564 799 1759 853 appellat

342 879 534 928 fratrem,
610 881 651 920 et
723 879 901 919 fratrem
978 877 1236 931 patruelem.
1317 880 1358 918 et
1433 875 1759 924 consobrinum,

347 957 388 995 et
458 953 636 1008 propius
711 954 971 995 consobrino
987 960 1017 1003 †,
1093 957 1134 995 et
1212 953 1399 995 sobrina.
1475 953 1592 994 idem
1665 965 1759 1004 gra-

345 1032 422 1072 dus
499 1030 545 1071 in
619 1031 798 1072 sobrina
873 1044 1046 1084 quoque
1122 1033 1239 1071 sunt.
1318 1027 1336 1085 ΙΙ
1353 1029 1574 1071 Sororium
1647 1027 1758 1081 tigil-

343 1109 437 1149 lum
533 1107 781 1162 appellatur
873 1107 954 1148 hac
1038 1107 1089 1148 de
1184 1120 1330 1147 causa.
1426 1119 1476 1147 ex
1570 1118 1757 1146 conven-

343 1185 463 1227 tione
525 1184 637 1225 Tulli
714 1183 876 1224 Hostili
938 1184 1063 1236 regis,
1138 1186 1179 1225 et
1240 1183 1363 1224 Metti
1426 1182 1608 1229 Fufitii†
1682 1182 1758 1222 du-

345 1262 402 1303 cis
497 1261 783 1311 Albanorum,
876 1259 1113 1313 Trigemini
1195 1259 1363 1310 Horati,
1460 1261 1502 1300 et
1583 1257 1760 1305 Curati†

277 1349 310 1374 15
347 1351 444 1379 cum
577 1337 871 1385 dimicassent,
1010 1339 1058 1377 ut
1195 1336 1375 1377 victores
1508 1337 1761 1388 sequeretur

344 1414 593 1469 imperium,
707 1417 748 1455 et
859 1414 1068 1455 Horatius
1183 1417 1332 1455 noster
1444 1413 1759 1466 exsuperasset,

344 1491 541 1544 victoque
562 1496 579 1537 's
680 1490 860 1531 domum
962 1492 1257 1541 reverteretur,
1381 1489 1511 1530 obvia
1627 1501 1759 1537 soror,

345 1567 516 1620 cognita
588 1568 726 1608 morte
802 1567 965 1620 sponsi,
1044 1567 1112 1607 sui
1187 1565 1331 1608 fratris
1405 1579 1542 1607 manu
1617 1564 1757 1614 occisi,

345 1646 540 1686 aversata
645 1646 709 1685 est
829 1644 920 1685 eius
1032 1644 1245 1694 osculum,
1359 1656 1444 1697 quo
1540 1642 1721 1683 nomino
1742 1647 1758 1680 1

274 1726 309 1751 20
345 1721 553 1762 Horatius
626 1720 841 1762 interfecit
902 1734 1012 1762 eam.
1093 1722 1134 1761 et
1196 1733 1465 1774 quamquam
1540 1732 1564 1760 a
1636 1721 1759 1772 patre

346 1798 570 1839 absolutus
702 1797 854 1838 sceleri
868 1802 885 1839 †
1006 1800 1110 1845 erat,
1244 1799 1472 1837 accusatus
1608 1799 1757 1837 tamen

346 1873 548 1927 parricidi
762 1873 878 1928 apud
1082 1873 1362 1921 Duumviros,
1545 1872 1756 1926 dampna-

346 1955 500 2004 tusque
655 1951 905 2004 provocavit
1061 1950 1114 1991 ad
1259 1950 1490 2003 populum,
1638 1948 1758 1990 cuius

346 2027 504 2068 iudicio
689 2028 836 2076 victor,
1037 2027 1121 2068 duo
1306 2025 1448 2079 tigilla
1630 2027 1758 2066 tertio

274 2112 308 2136 25
343 2105 599 2157 superiecto,
768 2117 863 2158 quae
1041 2106 1164 2157 pater
1341 2103 1433 2144 eius
1599 2100 1757 2142 consti-

344 2183 498 2228 tuerat,
683 2179 801 2221 velut
984 2180 1062 2220 sub
1248 2179 1399 2232 iugum
1585 2180 1758 2227 missus,

347 2256 474 2306 subit,
634 2256 978 2310 consecratisque
1144 2256 1204 2297 ibi
1370 2255 1453 2297 aris
1598 2254 1757 2296 Iunoni

347 2333 543 2382 Sororiae,
724 2335 766 2374 et
938 2331 1045 2373 Iano
1226 2331 1428 2382 Curiatio,
1606 2330 1759 2371 libera-

346 2413 415 2449 tus
548 2410 670 2450 omni
802 2409 933 2450 noxia
1069 2408 1243 2450 sceleris
1379 2410 1445 2449 est
1565 2406 1757 2459 auguriis

275 2500 311 2525 so
347 2484 704 2539 adprobantibus.
871 2500 920 2527 ex
1086 2499 1171 2538 quo
1337 2485 1549 2526 sororium
1715 2482 1757 2523 id

347 2561 535 2614 tigillum
740 2565 807 2603 est
1020 2561 1305 2615 appellatum.
1509 2557 1528 2615 ΙΙ
1543 2559 1723 2601 Sororiae
1737 2564 1755 2605 †

347 2651 548 2678 mammae
918 2637 1122 2679 dicuntur
1496 2635 1757 2690 puellarum,

348 2727 445 2754 cum
628 2715 819 2768 primum
1001 2715 1262 2763 tumescunt,
1446 2714 1493 2753 ut
1675 2711 1759 2751 fra-

347 2790 605 2838 terculare.†
819 2790 1057 2831 Puerorum
1073 2796 1090 2830 †
1306 2790 1485 2831 Plautus
1711 2788 1757 2826 in
