2072 3222
311 598 325 613 ὓ

290 1355 324 1378 15

288 1743 303 1767 2
308 1744 322 1765 0

233 181 240 188 ,
291 145 374 184 562
419 157 475 186 QU-
499 156 572 180 XVI.
597 154 639 180 25.
710 156 831 183 rsssrr
854 156 1011 182 FRAGM.
1035 156 1088 183 Ex
1112 156 1262 182 APOGR.
1286 156 1325 182 L.
1350 156 1416 182 xx.
1609 155 1639 178 Ρ.
1660 153 1708 178 :371
1732 155 1770 180 Μ.

362 645 380 703 ΙΙ
413 644 505 689 Vici
588 681 595 688 .
681 681 688 688 .
775 680 782 687 .
868 680 876 687 .
1054 678 1062 686 .
1149 680 1156 685 .
1241 680 1249 687 .
1335 678 1343 685 .
1428 677 1436 684 .
1521 679 1529 687 .
1606 645 1773 700 cipiunt

361 738 411 765 ex
453 724 580 777 agris,
635 724 708 777 qui
759 723 818 764 ibi
869 723 995 764 villas
1048 736 1139 763 non
1191 722 1368 770 habent,
1414 725 1462 764 ut
1513 723 1648 764 Marsi
1699 726 1773 765 aut

360 801 539 853 Peligni,
624 799 700 841 sed
781 814 830 841 ex
912 799 1065 846 vietis†
1150 799 1311 852 partim
1393 800 1558 841 habent
1633 815 1770 854 remp.

360 879 400 918 et
530 879 597 917 ius
754 876 921 925 dicitur.
1064 876 1226 929 partim
1367 876 1478 917 nihil
1620 890 1771 918 eorum

361 956 402 994 et
522 956 671 994 tamen
791 953 851 994 ibi
970 953 1181 993 nundina>
1305 956 1494 1006 aguntur
1608 955 1771 1006 negotii

358 1030 537 1083 gerendi
572 1044 713 1078 eausa,
749 1031 790 1070 et
822 1029 1016 1083 magistri
1049 1030 1129 1070 vici
1165 1029 1268 1070 item
1304 1031 1502 1082 magistri
1524 1030 1624 1083 pagi
1646 1032 1768 1083 quot-

359 1107 486 1146 annis
531 1107 656 1147 fiunt.
692 1107 843 1156 altero,
879 1120 977 1146 cum
1009 1103 1052 1146 id
1086 1120 1224 1159 genus
1269 1106 1474 1147 aedificior
1497 1140 1504 1147 .
1531 1139 1539 1147 .
1565 1140 1573 1147 .
1601 1138 1609 1146 .
1643 1106 1771 1155 nitur,

360 1196 451 1235 quae
519 1183 791 1224 continentia
885 1185 985 1224 sunt
1046 1183 1113 1223 his
1177 1182 1361 1236 oppidis,
1425 1197 1517 1236 qua·
1555 1215 1770 1225 .......

358 1259 587 1300 itineribus
707 1259 1046 1312 regionibusque
1171 1259 1399 1301 distributa
1519 1260 1631 1302 inter
1727 1275 1770 1301 se

359 1335 536 1377 distant.
611 1336 953 1390 nominibusque
1001 1336 1286 1377 dissimilibus
1339 1336 1599 1377 discriminis
1644 1351 1772 1378 causa

359 1415 463 1453 sunt
526 1412 766 1466 dispartita.
830 1414 973 1460 tertio,
1037 1426 1136 1453 eum
1198 1412 1242 1453 id
1303 1426 1439 1465 genus
1492 1412 1768 1453 aedificiorum

359 1489 576 1538 definitur,
754 1504 846 1542 qua)
1039 1491 1085 1530 in
1268 1490 1428 1542 oppido
1610 1489 1722 1542 privi
1749 1492 1765 1516 ³³

358 1567 404 1606 in
467 1580 545 1606 suo
629 1567 812 1620 quisque
894 1566 990 1607 loco
1072 1568 1248 1619 proprio
1332 1566 1391 1607 ita
1468 1566 1662 1614 aedificat,
1725 1569 1769 1606 ut

358 1642 403 1682 in
457 1656 506 1683 eo
560 1642 740 1684 {edificio
793 1643 990 1697 pervium
1041 1643 1108 1690 sit,
1157 1656 1240 1696 quo
1293 1642 1445 1684 itinere
1500 1643 1767 1684 habitatores

359 1718 412 1760 ad
495 1733 620 1759 suam
722 1721 902 1772 quisque
1024 1719 1342 1760 habitationem
1465 1718 1624 1760 habeat
1701 1733 1769 1760 ac-

359 1809 526 1836 cessum
547 1811 555 1835 ε
661 1796 732 1848 qui
838 1809 930 1836 non
1023 1794 1228 1836 dicuntur
1305 1796 1460 1836 vicani.
1525 1795 1633 1836 sieut
1724 1795 1764 1843 ii,

359 1874 432 1925 qui
495 1874 571 1914 aut
623 1872 668 1913 in
731 1871 879 1926 oppidi
936 1871 1054 1922 vicis,
1109 1874 1182 1913 aut
1253 1872 1298 1912 hi
1370 1874 1442 1925 qui
1514 1874 1559 1912 in
1654 1873 1769 1924 agris

358 1950 471 1996 sunt,
507 1949 647 1989 vicani
699 1949 991 2002 appellantur.
1055 1945 1073 2003 ΙΙ
1090 1948 1216 2001 Viget
1269 1947 1432 1989 dietum
1466 1949 1635 1990 videtur
1667 1962 1692 1989 a
1729 1950 1768 1988 vi

357 2023 541 2077 agendo,
635 2025 708 2066 sed
814 2038 904 2065 non
987 2024 1032 2065 in
1135 2024 1314 2077 agendis
1416 2024 1731 2077 hostilibusque
1751 2035 1767 2057 ψ

287 2119 301 2141 Δ
354 2100 497 2148 rebus,
552 2114 703 2141 verum
756 2100 834 2149 his,
878 2115 969 2154 quae
1023 2101 1288 2145 celerrimo†
1345 2102 1558 2141 concitato
1615 2100 1762 2141 animo

357 2176 411 2217 ad
444 2178 604 2217 bonam
661 2177 829 2229 frugem
881 2180 957 2218 ten
1000 2209 1009 2218 .

358 2250 662 2308 flVoisgra1n†
701 2267 824 2294 avem
859 2267 953 2307 quae
986 2268 1030 2295 se
1064 2254 1196 2295 vellit.
1230 2255 1424 2307 Augures
1460 2286 1468 2293 .
1505 2286 1514 2294 .
1549 2287 1557 2295 .
1584 2253 1767 2294 eandem

357 2330 627 2371 fucillantem
651 2331 880 2383 appellant

358 2403 376 2460 ΙΙ
402 2405 564 2461 Viginti
599 2406 788 2458 quinque
812 2420 950 2459 poenae
973 2408 1018 2447 in
1041 2406 1122 2447 XII
1154 2406 1373 2458 significat
1395 2407 1547 2460 viginti
1571 2406 1764 2459 quinque

356 2495 485 2523 asses.
607 2479 873 2536 HVictimam
945 2483 1093 2523 Aelius
1160 2481 1270 2523 Stilo
1323 2482 1383 2523 ait
1436 2496 1528 2523 esse
1580 2483 1766 2523 vitulum

358 2558 411 2598 ob
489 2558 579 2598 eius
643 2558 846 2610 vigorem.
911 2558 984 2599 alii
1041 2560 1118 2599 aut
1171 2572 1266 2611 quae
1330 2559 1471 2600 vineta
1525 2559 1765 2599 adducatur

357 2633 410 2674 ad
493 2634 629 2674 altare
723 2637 799 2675 aut
852 2649 945 2687 quae
989 2634 1042 2676 ob
1108 2635 1247 2675 hostis
1300 2634 1433 2675 victos
1499 2635 1761 2676 immoletur.

358 2708 583 2764 ssYec-tigal
636 2725 691 2750 aes
744 2711 1002 2764 appellatur,
1057 2710 1172 2763 quod
1226 2711 1280 2750 ob
1332 2710 1546 2751 tributum
1600 2713 1641 2751 et
1693 2712 1763 2750 sti-

358 2787 563 2840 pendium
596 2790 638 2827 et
661 2800 717 2827 {es
746 2790 940 2839 equestre
979 2789 1019 2828 et
1055 2786 1326 2827 hordiarium
1355 2787 1538 2840 populo
1573 2785 1764 2827 debetur.
