2072 3222
223 198 268 222 1:31
775 196 898 224 PAULI
920 196 1148 223 EXCERPTA·

223 315 539 354 Mamercus
574 325 829 365 praenomen
864 314 926 352 est
961 310 1118 352 Oscum
1143 312 1236 352 ab*
1263 326 1326 360 eo,
1372 310 1485 364 quod
1529 311 1573 350 hi

282 391 465 430 Martem
488 389 747 430 Mamertem
772 388 935 429 dicunt.

223 466 534 517 Municeps,
569 465 640 519 qui
674 466 718 505 in
752 465 993 518 municipio
1029 464 1138 505 liber
1173 467 1302 505 natus
1338 467 1412 504 est.
1448 464 1573 512 Item,

283 545 354 597 qui
398 557 445 583 ex
479 543 565 584 alio
599 555 755 595 genere
804 542 1035 582 hominum
1071 555 1232 581 munus
1279 543 1451 581 functus
1495 543 1571 581 est.

282 620 404 669 Item,
437 621 509 672 qui
534 620 578 659 in
602 618 841 671 municipio
866 632 887 657 η
913 618 1116 658 Servitute
1141 632 1183 657 se
1207 617 1409 658 liberavit
1432 630 1456 656 a
1478 631 1571 657 mu·

281 697 436 748 nicipe.
472 695 581 736 Item
616 695 859 747 municipes
898 697 1034 742 erant,
1079 694 1151 746 qui
1194 707 1242 733 ex
1286 693 1382 733 aliis
1427 693 1569 733 civita-

280 773 395 812 tibus
418 774 604 812 Romam
622 771 855 818 venissent,
881 770 1038 823 quibus
1062 783 1151 810 non
1176 770 1331 810 licebat
1349 770 1571 822 magistra-

280 852 373 888 tum
404 861 569 900 capere,
595 846 669 888 sed
692 849 861 887 tantum
891 848 1086 887 muneris
1109 849 1292 899 partem,
1328 850 1374 886 ut
1397 848 1573 886 fuerunt

284 924 482 972 Cumani,
525 925 743 971 Acerrani,
788 923 993 971 Atellani,
1038 924 1111 975 qui
1161 926 1202 963 et
1236 923 1347 963 cives
1385 921 1572 963 Romani

281 1004 417 1050 erant,
450 1004 490 1040 et
524 1002 568 1040 in
592 1001 762 1052 legione
807 1000 1046 1048 merebant,
1087 999 1161 1039 sed
1209 998 1437 1051 dignitates
1482 1012 1573 1039 non

282 1077 525 1130 capiebant.

222 1153 465 1193 Mamuri
498 1152 693 1194 Veturi
711 1166 874 1194 nomen
907 1153 1153 1206 frequenter
1175 1152 1220 1192 in
1257 1152 1453 1193 cantibus
1488 1152 1569 1192 Ro-

282 1230 402 1269 mani
425 1230 761 1282 frequentabant
794 1229 874 1270 hac
910 1229 960 1270 de
997 1242 1142 1270 causa.
1178 1230 1320 1270 Numa
1354 1228 1569 1281 Pompilio

282 1309 491 1358 regnante
517 1320 537 1346 e
562 1307 681 1347 caelo
707 1307 906 1347 cecidisse
930 1306 1063 1347 fertur
1082 1306 1235 1354 ancile,
1255 1305 1297 1345 id
1321 1308 1382 1345 est
1400 1307 1570 1344 scutum

280 1382 419 1432 breve,
445 1383 562 1436 quod
585 1383 679 1424 ideo
703 1384 763 1424 sio
787 1387 849 1424 est
871 1383 1158 1437 appellatum,
1183 1382 1285 1435 quia
1308 1396 1355 1422 ex
1389 1385 1570 1434 utroque

283 1460 416 1501 latere
441 1464 532 1501 erat
565 1462 776 1507 recisum;
821 1464 868 1500 ut
905 1473 1125 1500 summum
1159 1459 1445 1511 infimumque
1482 1459 1572 1498 eius

281 1535 411 1577 latius
435 1536 578 1577 medio
601 1539 779 1589 pateret,
812 1550 988 1589 unaque
1013 1536 1127 1577 edita
1159 1549 1240 1576 vox
1277 1535 1473 1576 omnium
1497 1548 1570 1588 po—

283 1613 571 1654 tentissimam
596 1614 686 1654 fore
714 1615 944 1662 civitatem,
980 1612 1187 1666 quamdiu
1221 1611 1264 1652 id
1299 1613 1343 1651 in
1368 1625 1417 1652 ea
1451 1624 1572 1651 man-

283 1689 422 1731 sisset.
456 1690 606 1743 ltaque
630 1692 743 1730 facta
765 1693 868 1730 sunt
891 1691 982 1730 eius
1006 1689 1103 1730 dem
1126 1689 1292 1741 generis
1316 1689 1456 1741 plura,
1481 1688 1572 1740 qui·

283 1765 361 1805 bus
398 1766 440 1806 id
479 1769 743 1815 misceretur,
795 1780 849 1807 ne
900 1766 1133 1807 internosci
1188 1765 1373 1805 caeleste
1415 1767 1573 1817 posset.

288 1842 525 1884 Probatum
542 1856 652 1896 opus
676 1847 738 1884 est
755 1845 941 1884 maxime
959 1843 1146 1883 Mamuri
1169 1841 1332 1888 Veturi,⁴
1354 1841 1427 1894 qui
1456 1854 1573 1894 prae-

282 1919 358 1958 mii
380 1920 476 1959 loco
500 1919 635 1972 petiit,
671 1922 718 1961 ut
741 1933 869 1960 suum
893 1932 1057 1959 nomen
1095 1919 1205 1959 inter
1237 1917 1429 1958 carmina
1471 1916 1575 1957 Salii

284 1999 501 2036 canerent.

225 2071 471 2112 Mamers
506 2072 728 2114 Mamertis
763 2073 874 2119 facit,
925 2073 968 2112 id
1013 2074 1075 2112 est
1121 2072 1272 2123 lingua
1308 2069 1417 2110 Osca
1459 2070 1574 2109 Mars

285 2148 446 2196 Martis,
471 2149 586 2190 unde
607 2152 647 2189 et
665 2149 915 2190 Mamertini
940 2149 984 2189 in
1004 2147 1150 2189 Sicilia
1180 2147 1294 2195 dicti,
1318 2146 1390 2198 qui
1413 2145 1572 2185 Messa-

285 2237 368 2264 nae
392 2224 606 2265 habitant.

226 2300 498 2340 Martialis
524 2311 750 2352 Campus
774 2302 818 2341 in
842 2301 986 2342 Caelio
1018 2302 1163 2340 monte
1200 2299 1367 2346 dicitur,
1392 2297 1507 2351 quod
1530 2299 1575 2336 in

287 2390 336 2417 eo
371 2376 573 2430 Equirria
606 2378 808 2418 solebant
830 2377 936 2425 fieri,
959 2377 994 2416 si
1030 2375 1204 2429 quando
1241 2387 1376 2427 aquae
1413 2373 1575 2413 Tiberis

287 2466 489 2506 campum
513 2453 718 2494 Martium
743 2456 1040 2506 occupassent.

228 2529 607 2571 Mamiliorum
649 2530 818 2570 familia
868 2543 893 2570 a
934 2529 1130 2570 Mamilia
1183 2527 1428 2579 Telegoni*
1473 2527 1573 2572 filia,

288 2619 419 2658 quam
443 2607 617 2647 Tusculi
639 2609 952 2659 procreaverat,
977 2608 1039 2646 est
1062 2604 1295 2657 appellata.

230 2736 480 2777 Mamilia
501 2737 666 2777 turris
700 2737 814 2777 intra
843 2735 1039 2776 Suburae
1073 2734 1291 2785 regionem
1323 2745 1347 2771 a
1377 2730 1573 2771 Mamilio

287 2826 448 2853 nomen
471 2815 647 2865 accepit.

1647 181 1701 221 95³

1637 1020 1670 1042 10

1634 1405 1667 1429 15

1635 1778 1651 1802 2
1656 1780 1671 1801 (ι

1637 2540 1673 2563 30
