2072 3222
298 142 383 181 50ss
446 153 480 182 οῖ

297 968 331 992 1⁴]
369 990 377 997 ,

301 1357 378 1380 15.

302 1743 336 1767 20
372 1757 380 1763 .,

306 2503 340 2527 30
375 2521 383 2528 .

483 154 501 176 *¹-
517 153 576 176 XV.
595 151 637 176 15·
691 154 810 181 FES'I'I
825 153 982 180 FRAGM.
998 153 1024 179 E
1042 154 1133 181 COD.
1149 154 1270 182 FARN.
1286 154 1326 181 L.
1341 154 1478 182 XVIIII.
1626 153 1658 178 P·
1672 151 1726 178 34⁴0
1739 153 1779 178 M·

1179 300 1188 309 .
1242 269 1501 319 honestum;
1527 269 1780 311 Terentius:

589 377 597 386 .
662 378 671 386 .
1178 378 1187 386 .
1243 345 1450 398 segnitiae,
1475 360 1616 400 neque
1640 359 1777 387 socor-

522 455 531 462 .
599 419 618 476 ΙΙ
642 418 827 476 Sigmarv
885 454 894 462 .
960 454 968 463 .
1032 455 1040 463 .
1105 455 1114 463 .
1180 454 1189 463 .
1209 417 1255 463 ffi
1278 422 1435 463 dicitur
1457 422 1590 476 signis
1613 425 1779 472 notare,

1106 531 1113 538 .
1168 498 1243 540 sed
1266 498 1431 552 antiqui
1455 513 1503 540 eo
1526 513 1604 553 pro
1627 499 1781 540 scribe-

1330 606 1338 614 .
1377 589 1435 625 re,
1460 579 1501 616 et
1525 577 1782 629 consignare

1424 665 1506 701 ere,
1530 654 1572 692 et
1594 653 1780 692 consori-

594 724 612 781 ΙΙ
636 725 967 783 δβρΐίφηοηῖίηφη
1035 759 1043 768 .
1109 761 1116 768 .
1181 760 1190 768 .
1254 760 1263 768 .
1329 760 1336 768 .
1421 728 1610 781 pellatur
1631 741 1781 769 mense

1330 838 1338 845 .
1397 802 1546 846 Fastis
1568 804 1785 857 Agonalia

1327 914 1335 922 .
1389 881 1563 923 ontibus
1586 881 1696 922 fiunt
1717 894 1782 922 sa-

1330 991 1338 998 .
1395 958 1571 1008 agutali,
1596 957 1783 1007 Subura,

1346 1033 1503 1087 Cispio.
1554 1032 1573 1089 ΙΙ
1601 1033 1660 1075 Si.
1684 1034 1784 1081 fus†

1186 1142 1194 1149 .
1240 1110 1276 1150 is
1301 1109 1418 1164 ipsis,
1441 1110 1485 1150 id
1510 1110 1626 1163 quod
1649 1109 1783 1162 Greoe

1267 1187 1357 1240 geri
1408 1187 1591 1228 valicia†
1627 1186 1685 1228 sie
1707 1190 1783 1235 est,

1185 1297 1192 1305 .
1244 1278 1264 1304 e
1288 1264 1501 1317 populum
1526 1264 1617 1305 Ser.
1643 1263 1783 1318 Sulpi-

1357 1340 1463 1391 tani,
1482 1341 1709 1395 paganive,
1731 1342 1784 1382 si-

1261 1448 1269 1457 .
1325 1417 1463 1458 donee
1486 1431 1582 1458 eam
1605 1419 1720 1459 inter
1742 1420 1786 1458 se

1204 1507 1223 1534 s
1245 1494 1448 1535 iudicatio
1472 1496 1600 1535 esto.»
1689 1491 1784 1549 1181-

1257 1604 1266 1611 .
1320 1573 1515 1619 utuntur,
1539 1570 1702 1612 dictum
1727 1568 1787 1611 ait

1260 1681 1267 1688 .
1294 1650 1454 1695 mento,
1474 1646 1589 1700 quod
1612 1650 1788 1688 vocetur

1324 1756 1331 1763 .
1379 1723 1547 1776 pellant
1569 1722 1786 1772 dolonem,

1420 1800 1606 1846 acation,
1630 1800 1786 1841 maius.

1406 1875 1557 1929 Capito
1581 1876 1701 1916 velut
1724 1889 1785 1916 se-

1406 1985 1414 1992 .
1447 1952 1546 1993 ione
1570 1952 1788 1993 interioris

743 2027 763 2084 ΙΙ
794 2024 1039 2085 «Sepultum
1075 2031 1245 2078 m-orte,
1279 2034 1544 2082 moi-oque†»
1596 2042 1693 2069 oum
1728 2030 1788 2070 ait

1227 2119 1246 2147 (3
1268 2106 1315 2146 L.
1341 2104 1551 2153 Terentio,
1577 2104 1703 2145 Tusci
1726 2105 1785 2146 vi-

1185 2215 1193 2222 .
1244 2181 1389 2222 vivum
1414 2181 1464 2222 de
1483 2195 1582 2223 saxo
1607 2181 1787 2235 Tarpeio

1039 2291 1047 2298 .
1103 2258 1263 2299 enisset
1290 2264 1307 2297 †
1326 2258 1646 2307 commisatum,
1671 2258 1787 2311 quod

1201 2338 1264 2376 set
1287 2338 1471 2376 coaetus.
1556 2332 1575 2389 ΙΙ
1591 2333 1788 2388 Seplasia

1186 2444 1194 2452 .
1235 2424 1318 2467 (1110
1342 2411 1518 2464 plurimi
1541 2413 1785 2462 unguenta-

967 2521 974 2528 .
1030 2501 1082 2527 us
1106 2502 1177 2529 ΛΒ.
1197 2493 1213 2534 †
1257 2485 1431 2528 Cicero:
1481 2485 1701 2541 «Seplasia
1723 2500 1784 2526 m-

1050 2563 1294 2610 audiebam,
1318 2566 1359 2602 te
1382 2566 1430 2602 ut
1451 2564 1643 2616 primum
1666 2575 1785 2615 aspe-

964 2673 971 2680 .
1027 2639 1251 2680 consulem
1283 2637 1565 2692 repudiavit.»
1647 2635 1664 2693 ΙΙ
1683 2636 1787 2679 Sati-

1039 2748 1047 2755 .
1072 2720 1099 2753 ᾗ
1122 2714 1166 2755 in
1189 2713 1368 2755 Samnio
1392 2716 1569 2767 captum
1592 2717 1677 2754 est:
1702 2726 1786 2765 quo

1042 2824 1050 2831 .
1087 2803 1158 2831 am
1182 2789 1453 2831 deduxerunt
1476 2789 1704 2830 Triumviri
1729 2787 1787 2830 w,
