2072 3222
146 395 177 428 72

139 2160 171 2194 73

216 197 320 223 71-—73
617 199 669 226 DE
693 197 1034 225 SIGNIFICATIONE
1050 197 1294 224 VERBORUM.
1640 183 1687 222 51

215 313 511 365 Depubem
525 325 706 366 porcum
724 311 976 361 lactantem,
1002 313 1075 364 qui
1097 312 1340 365 prohibitus
1364 312 1417 353 sit
1439 313 1574 365 pubes
1588 312 1694 352 fieri.

216 384 458 425 Decotes
481 385 590 436 togae
615 382 791 423 detritae.

214 454 495 506 Dictynna
516 453 673 502 Diana,
709 465 840 505 quam
864 465 955 493 esse
978 452 1132 493 lunam
1155 454 1382 506 putabant,
1416 453 1543 502 dicta,
1579 453 1694 506 quod

274 525 439 577 fulgore
463 537 542 564 suo
566 526 699 565 noctu
723 522 873 563 omnia
895 523 1109 563 ostendat.

213 595 580 636 Deblaterare
616 597 678 635 est
701 594 831 635 stulte
856 594 991 647 loqui.
1028 594 1139 635 Nam
1177 593 1313 635 Graeci
1350 596 1503 648 βλᾶκας
1539 595 1695 636 stultos
1737 610 1749 633 ε

273 666 513 720 appellant.

212 736 560 777 Dicaearohia
582 736 835 785 vocabatur,
861 749 955 788 quoe
980 749 1099 776 nunc
1123 736 1306 784 Puteoli,
1333 736 1448 788 quod
1472 750 1522 777 ea
1544 738 1694 776 civitas

273 807 496 860 quondam
519 807 756 848 iustissime
778 807 1019 860 regebatur.

212 878 410 918 Demoe
434 877 551 931 apud
574 877 738 918 Atticos
762 879 876 925 sunt,
901 879 949 917 ut
972 877 1088 930 apud
1112 890 1193 918 nos
1217 877 1330 930 pagi.

211 948 350 989 Dice
373 962 452 1001 pro
477 948 616 990 dicam
641 947 810 1000 antiqui
836 961 1032 1001 posuere.
1717 962 1750 985 10

211 1018 550 1059 Decermina
573 1017 789 1065 dicuntur,
816 1031 910 1071 quse
935 1017 1228 1071 decerpuntur
1250 1018 1467 1071 purgandi
1491 1031 1633 1059 causa.

211 1088 559 1129 Disertiones
584 1088 823 1129 divisiones
845 1088 1214 1141 patrimoniorum
1238 1090 1351 1129 inter
1373 1091 1606 1130 consortes.

210 1159 640 1211 Dispensatores
664 1158 777 1207 dicti,
804 1159 906 1212 quia
929 1173 985 1200 ees
1006 1162 1242 1212 pensantes
1267 1158 1578 1212 expendebant,
1602 1172 1692 1200 non

271 1228 634 1271 adnumerabant.
668 1229 784 1270 Hinc
808 1229 1084 1270 deducuntur
1105 1242 1286 1286 expensa
1322 1230 1410 1270 sive
1444 1226 1691 1286 dispensata

270 1301 337 1341 vel
370 1307 638 1357 conpensata.
674 1301 785 1341 Item
818 1297 1128 1357 conpendium,
1163 1297 1462 1356 dispendium,
1498 1300 1691 1357 assz'pon-
1716 1315 1749 1339 15

270 1368 403 1421 dium,
428 1368 714 1428 dupondium.

209 1442 545 1493 Dispescere
585 1444 648 1483 est
686 1443 860 1495 proprie
898 1454 1032 1494 pecus
1071 1454 1096 1482 a
1132 1441 1332 1495 pastione
1377 1441 1600 1492 deducere,
1645 1445 1693 1483 ut

269 1525 506 1569 conpascere
529 1525 621 1553 una
642 1525 819 1566 pascere
843 1514 884 1553 et
905 1513 951 1552 in
974 1525 1064 1553 uno
1089 1512 1184 1553 loco
1208 1514 1444 1554 continere.

209 1583 518 1635 Despretus
539 1582 665 1623 valde
688 1585 871 1636 spretus.

208 1653 479 1694 Desivare
503 1653 713 1694 desinere.
1715 1668 1750 1691 20

209 1724 495 1764 Dissulcus
518 1737 676 1777 porcus
700 1723 870 1773 dicitur,
895 1737 993 1764 cum
1017 1725 1062 1764 in
1087 1724 1249 1764 cervice
1273 1726 1398 1764 saetas
1422 1722 1586 1764 dividit.

208 1794 462 1835 Disertus
485 1808 509 1835 a
533 1794 784 1835 disserendo
809 1795 962 1836 dictus.

208 1865 530 1916 Dignorant‚
557 1865 682 1917 signa
704 1867 939 1918 inponunt,
963 1868 1009 1906 ut
1032 1865 1123 1905 fieri
1147 1865 1257 1906 solet
1281 1865 1324 1905 in
1348 1865 1590 1917 pecoribus.

208 1935 475 1976 Disertim
498 1948 576 1988 pro
601 1936 756 1977 diserte
780 1936 981 1976 dixerunt
1004 1937 1186 1987 antiqui.

208 2006 475 2047 Distisum
498 2009 539 2047 et
560 2007 830 2057 pertisum
864 2006 1077 2055 dicebant,
1116 2006 1230 2059 quod
1254 2020 1371 2047 nunc
1406 2006 1625 2047 distaesum
1650 2010 1691 2048 et
1713 2021 1746 2044 25

266 2080 511 2130 pertaesum.

208 2147 520 2188 Delubrum
544 2147 743 2188 dicebant
776 2148 934 2189 fustem
959 2148 1231 2196 delibratum,
1266 2148 1347 2189 hoc
1371 2150 1433 2188 est
1456 2148 1686 2189 decortica-

267 2221 375 2268 tum,
400 2232 528 2271 quem
551 2219 874 2259 venerabantur
896 2232 974 2272 pro
999 2218 1092 2259 deo.

207 2288 424 2329 Delicia
447 2292 510 2329 est
533 2290 716 2342 tignum,
753 2289 868 2342 quod
893 2303 917 2330 a
953 2288 1142 2329 culmine
1168 2288 1221 2328 ad
1255 2288 1423 2340 tegulas
1455 2288 1687 2340 angulares

268 2360 438 2400 infimas
461 2373 609 2400 versus
631 2360 884 2412 fastigatum
909 2360 1170 2407 collocatur-g
1205 2359 1319 2399 unde
1343 2364 1489 2400 tectam
1515 2356 1685 2400 delicia·
1711 2374 1745 2395 a>

268 2435 354 2471 tum
377 2432 419 2470 et
441 2427 586 2484 tessella
608 2426 844 2472 delicians.

207 2499 427 2550 Degere
451 2501 620 2552 antiqui
642 2503 885 2553 posueruut
906 2513 985 2553 pro
1009 2501 1247 2552 expectare.

207 2569 447 2610 Deteriae
470 2583 625 2623 porcae,
650 2570 693 2610 id
717 2573 781 2611 est
803 2570 1061 2611 macilentze.

207 2639 472 2681 Delibare
497 2654 657 2693 aquam
681 2641 801 2682 sulco
826 2640 1033 2681 derivare.

207 2710 465 2751 Deheare
487 2712 712 2764 ponebant
733 2725 811 2764 pro
837 2710 1051 2751 dedicare.

207 2780 530 2832 Deliquium
553 2782 655 2822 solis
680 2795 704 2822 a
728 2781 1023 2834 delinquendo
1049 2780 1224 2826 dictum,
1252 2780 1368 2832 quod
1392 2779 1619 2833 delinquat
1640 2782 1684 2820 in

267 2865 392 2891 CUI'SU
417 2864 507 2892 SUO.

1503 2930 1544 2960 4*
