2072 3222
316 152 401 192 530
455 165 512 194 Qu.
529 164 588 188 κν.
605 162 647 189 27.
741 164 862 192 FESTI
877 164 1034 192 FRAGM.
1050 164 1075 191 E
1090 164 1182 191 con.
1198 164 1320 192 ΜΒΝ.
1336 165 1374 192 L.
1399 165 1535 192 xvim.
1639 165 1671 188 P.
1686 163 1738 189 352
1751 165 1792 190 M.

1061 293 1107 321 cx
1130 281 1304 322 Curiata
1324 280 1470 331 fertur,
1506 294 1591 334 quo
1608 287 1625 329 †
1646 283 1795 324 hanni-

983 359 1132 398 Bomae
1156 371 1255 399 cum
1278 360 1404 407 esset,
1427 371 1506 398 nec
1529 371 1579 398 ex
1599 358 1791 411 praesidi-

1119 434 1166 485 Q.
1189 433 1348 474 Fabius
1382 433 1598 475 Maximus
1635 434 1789 475 Verru-

381 545 389 551 .
455 544 463 550 .
1275 510 1435 551 rcellus
1459 523 1544 552 cos,
1566 510 1706 552 facere
1728 512 1791 550 in-

329 604 341 626 5
378 621 387 629 .
452 620 460 628 .
529 621 535 627 .
601 621 609 628 .
675 621 682 628 .,
748 620 756 628 .
822 621 830 627 .
894 620 902 627 „
968 622 970 625 .
1041 619 1050 627 .
1114 619 1123 627 .
1188 620 1197 628 .
1217 587 1276 628 vit
1299 586 1445 627 Aelius
1468 587 1515 627 in
1538 587 1632 628 XII.
1656 585 1790 640 signi-

1209 661 1228 719 ΙΙ
1256 659 1523 705 T—risulcum
1544 663 1690 717 fulgur
1711 663 1790 705 fuit

1262 741 1332 781 uia
1353 740 1396 784 id
1419 742 1494 780 aut
1524 740 1746 780 incondita
1769 745 1788 786 *Γ

1273 816 1429 857 rebrat.
1495 814 1513 871 ΙΙ
1528 816 1788 869 Togatarum

1291 893 1487 935 ominum
1510 893 1667 945 fastigi.
1692 906 1791 945 quae

306 981 338 1004 10
375 1005 383 1012 .
449 1005 457 1012 .
523 1005 530 1012 .
597 1005 603 1012 .
670 1005 678 1012 .
743 1005 751 1012 .
817 1004 825 1011 .
891 1004 899 1012 .
965 1004 972 1011 .
1040 1003 1048 1010 .
1112 1003 1120 1011 .
1169 967 1282 1025 quod
1303 970 1412 1022 togis
1434 970 1650 1023 praetextis
1672 983 1786 1010 rem-

1185 1080 1193 1088 .
1248 1053 1274 1088 t.
1297 1047 1659 1095 tabernariarum,
1683 1046 1791 1099 quia,

1110 1157 1118 1165 .
1159 1123 1418 1164 cellentibus
1441 1123 1573 1164 etiam
1595 1123 1785 1163 humiles

1210 1198 1374 1253 lagiari,
1398 1201 1507 1241 servi
1530 1199 1718 1252 denique
1742 1202 1784 1240 et

1184 1308 1193 1317 .
1229 1277 1343 1318 ernis
1365 1277 1548 1318 honeste
1570 1276 1784 1330 prodeant

302 1369 333 1393 15
373 1385 380 1393 .
446 1387 453 1394 .
521 1385 528 1394 .
594 1387 601 1394 .
668 1387 676 1394 .
742 1386 749 1393 .
815 1387 823 1394 .
889 1387 896 1394 .
963 1387 970 1393 .
1035 1387 1043 1394 .
1079 1350 1098 1407 ΙΙ
1117 1350 1321 1402 Tea-uras,
1345 1366 1495 1393 vaccas
1518 1353 1685 1393 steriles
1708 1366 1779 1406 ap-

1111 1444 1142 1479 s,
1166 1443 1260 1483 quae
1283 1443 1373 1471 non
1396 1430 1531 1482 magis
1553 1430 1727 1483 rapiant
1745 1435 1783 1479 †,

1110 1539 1119 1547 .
1156 1506 1343 1547 similius
1361 1506 1416 1546 sit
1438 1521 1486 1547 ex
1518 1506 1667 1548 Graeco
1692 1506 1778 1547 dic-

1102 1598 1177 1637 ρας
1201 1583 1438 1636 appellant.
1503 1581 1522 1638 ΙΙ
1539 1582 1646 1623 Todi
1673 1587 1777 1624 sunt

1031 1693 1039 1702 .
1076 1661 1104 1709 i,
1128 1673 1313 1713 quarum
1338 1674 1408 1701 .m.
1432 1660 1611 1701 Plautus
1635 1660 1680 1700 in
1704 1660 1776 1713 Sy-

296 1745 330 1768 20
366 1770 374 1777 .
439 1770 447 1777 .
513 1770 521 1778 .
587 1771 595 1778 .
661 1771 668 1777 .
735 1770 742 1777 .
808 1770 816 1778 .
882 1770 890 1777 .
956 1770 964 1777 .
1030 1770 1038 1777 .
1104 1770 1111 1778 .
1145 1738 1198 1777 tis
1220 1736 1334 1785 talis,
1355 1749 1454 1776 cun]
1476 1736 1640 1777 todillis
1664 1750 1776 1777 crus-

672 1811 689 1868 ΙΙ
714 1810 981 1855 Ίίιέ)ῖ’ἰῑι.5’τνι”α
1000 1837 1056 1841 -
1080 1813 1237 1866 quibus
1261 1813 1412 1853 diebus
1435 1812 1706 1853 adscribtum
1729 1814 1774 1854 in

1261 1889 1301 1930 io
1326 1888 1499 1930 Sutorio
1524 1903 1638 1942 agna
1658 1890 1773 1930 tubae

1026 1999 1037 2008 .
1084 1968 1210 2008 tubos
1234 1967 1472 2020 appellant,
1498 1967 1613 2020 quod
1635 1981 1773 2019 genus

1118 2043 1309 2085 Arcadia
1337 2043 1567 2094 Pallanteo
1591 2049 1608 2091 ’ᾖ
1630 2046 1770 2085 trans-

1180 2117 1199 2174 ΙΙ
1222 2117 1513 2169 T-nditantes,
1537 2120 1771 2160 tundentes

1096 2199 1212 2237 entes
1235 2196 1477 2249 significare
1501 2197 1561 2236 ait
1584 2194 1770 2246 Cincius,

948 2272 1049 2313 nius
1072 2274 1098 2314 1.
1125 2272 1178 2314 ΙΙ.
1197 2290 1204 2314 :
1237 2273 1364 2313 «Haec
1387 2272 1501 2313 inter
1524 2285 1568 2312 se
1593 2274 1732 2312 totum
1751 2277 1769 2319 ’γ

802 2383 809 2389 .
846 2354 948 2401 tes,»
978 2353 1018 2390 et
1040 2349 1266 2390 Lucretius
1288 2350 1390 2390 item
1414 2349 1524 2389 libro
1547 2348 1599 2389 Π.
1621 2364 1629 2387 :
1661 2349 1769 2388 «Nec

1037 2432 1083 2466 re
1108 2428 1276 2466 cessant
1299 2424 1561 2465 extrinsecus
1584 2424 1761 2464 ullam.»

287 2520 321 2544 ss»
358 2535 365 2543 .
578 2534 585 2542 .
633 2501 650 2556 ΙΙ
672 2498 845 2543 Tzcdc'tes
868 2499 1062 2544 mall-eos
1085 2502 1313 2555 appellant
1340 2501 1507 2554 antiqui
1532 2514 1557 2541 a
1579 2499 1766 2540 tunden-

901 2577 935 2621 is
958 2579 1016 2620 ali
1039 2579 1236 2619 cruribus
1252 2584 1269 2618 1*
1291 2578 1464 2620 tudites.
1488 2577 1594 2617 Inde
1620 2576 1768 2617 Ateius

968 2669 1013 2695 ns
1037 2656 1252 2695 existimat
1275 2654 1492 2696 Tuditano
1518 2666 1764 2705 cognomen

1021 2734 1150 2783 caput
1172 2731 1366 2771 malleoli
1387 2730 1525 2770 simile
1548 2730 1767 2770 habuerit.

583 2808 600 2864 ΙΙ
622 2806 784 2850 Ταῖίῑω
808 2806 911 2850 ‹tl-iz?
934 2807 1134 2848 dixerunt
1156 2821 1246 2847 esse
1269 2807 1446 2854 silanos,
1471 2807 1528 2847 ali
1551 2806 1678 2855 rivos,
1705 2805 1763 2845 ali
