2072 3222
308 136 392 176 574
436 149 493 178 QU.
522 148 595 172 XVI.
617 147 662 173 31.
715 150 837 177 FESTI
867 150 1025 178 FRAGM.
1048 151 1104 178 EX
1126 151 1275 179 APOGR.
1300 152 1339 179 L.
1363 152 1428 179 XX.
1635 152 1667 176 P.
1683 151 1735 177 :376
1750 153 1790 177 M.

380 265 483 305 bant
603 266 784 318 antiqui,
906 266 1026 306 cuius
1148 267 1269 308 color
1388 266 1620 309 inficiendo
1697 283 1790 310 mu—

378 342 506 389 tatur,
569 344 616 381 ut
659 340 830 382 Ennius
875 355 975 382 cum
1019 343 1103 384 ait:
1173 343 1307 385 «Cum
1368 343 1491 393 illud,
1556 357 1642 397 quo
1704 345 1792 386 iam

378 416 511 456 semel
535 418 598 458 est
619 417 789 458 imbuta
814 431 1023 459 veneno.»
1092 416 1110 474 ΙΙ
1125 419 1368 460 Ventabam
1401 419 1555 461 dixisse
1589 422 1790 475 antiquos

378 492 611 534 verisimile
646 495 720 543 est,
755 507 854 534 cum
889 496 930 535 et
959 494 1265 548 praepositione
1298 495 1464 537 adiecta
1487 528 1496 537 .

330 582 343 605 5
378 568 682 611 adventabam.
746 567 765 625 ΙΙ
801 570 889 610 Vnt
918 602 926 610 .
951 584 1089 624 upum
1112 573 1130 606 ÷
1157 576 1219 612 est
1240 572 1307 613 vel
1341 606 1350 613 .

308 968 343 992 10

312 1346 344 1369 15

309 1732 342 1756 20
379 1753 387 1760 ‚

310 2109 341 2132 25·

310 2497 345 2518 ΡΝ

379 644 495 698 quod
518 644 656 686 Graeei
700 644 780 686 ῧειν
824 646 989 687 dicunt.
1053 645 1372 702 ''venditiones
1407 648 1512 689 olim
1535 648 1793 690 dicebantur

379 735 610 763 censorum
643 722 907 771 locationes:
943 723 1059 776 quod
1093 725 1212 765 velut
1240 724 1405 765 fructus
1428 725 1623 766 locorum
1646 726 1789 779 publi-

379 811 529 839 corum
681 799 903 840 venibant.
1090 798 1108 855 ΙΙ
1123 801 1357 842 Viminalis
1483 804 1523 843 et
1665 805 1790 856 porta

379 877 419 916 et
502 875 624 916 collis
707 876 1003 928 appellantur,
1088 876 1203 930 quod
1285 877 1345 918 ibi
1427 878 1641 919 viminum
1724 879 1789 920 fu-

378 953 460 993 isse
524 951 693 993 videtur
757 953 880 1002 silva,
942 952 1015 993 ubi
1081 956 1143 994 est
1202 956 1243 994 et
1304 967 1379 995 ara
1440 954 1534 995 Iovi
1595 954 1789 998 Viminio

379 1031 640 1070 consecrata.
744 1026 944 1084 ”Vindex
1016 1030 1070 1070 ab
1144 1043 1206 1077 eo,
1261 1029 1375 1083 quod
1430 1030 1631 1081 vindicat,
1686 1045 1790 1084 quo-

380 1105 523 1146 minus
546 1105 596 1154 is,
629 1108 703 1159 qui
726 1120 909 1159 prensus
942 1109 1006 1147 est
1040 1107 1095 1147 ab
1129 1107 1291 1159 aliquo,
1315 1109 1526 1148 teneatur.
1590 1105 1790 1162 nvinaea

380 1184 428 1222 ut
475 1183 649 1223 Verrius
701 1183 910 1236 praecipit,
963 1182 1077 1236 quod
1131 1183 1221 1223 vini
1273 1183 1435 1224 feraces
1468 1185 1568 1225 sint.
1659 1184 1789 1225 etiam

380 1257 589 1300 militares
682 1258 881 1312 quaedam
963 1258 1314 1300 machinationes
1397 1273 1421 1300 a
1502 1260 1790 1301 similitudine

381 1335 676 1388 appellantur.
799 1333 818 1390 ΙΙ
834 1335 1014 1375 Vivatus
1071 1338 1112 1376 et
1163 1335 1332 1376 vividus
1381 1350 1406 1377 a
1458 1336 1597 1389 poetis
1642 1336 1789 1377 dicun-

379 1414 449 1452 tur
511 1425 535 1452 a
597 1411 638 1451 vi
700 1425 872 1465 magna.
971 1409 1211 1467 ssVindicia
1286 1413 1567 1466 appellantur
1608 1427 1675 1454 res
1714 1427 1786 1463 eae,

380 1488 429 1529 de
494 1488 652 1541 quibus
715 1490 1011 1530 controversia
1074 1491 1159 1529 est:
1234 1489 1350 1542 quod
1411 1490 1555 1542 potius
1632 1490 1787 1531 dicitur

375 1568 441 1605 ius
484 1566 623 1617 quia†
685 1565 733 1606 fit
794 1566 906 1606 inter
968 1579 1039 1606 eos
1093 1565 1167 1619 qui
1220 1566 1504 1607 contendunt.
1558 1566 1614 1608 M.
1672 1566 1779 1608 Cato

378 1641 423 1682 in
516 1656 565 1682 ea
648 1656 779 1694 quam
863 1642 1032 1684 scribsit
1138 1643 1185 1683 L.
1281 1643 1412 1683 Furio
1519 1643 1569 1684 de
1653 1656 1786 1696 aqua:

1488 1752 1495 1758 .
1539 1733 1557 1759 s
1580 1720 1789 1761 Praetores

379 1794 617 1836 secundum
809 1796 1024 1848 populum
1204 1795 1414 1837 vindicias
1595 1796 1757 1837 dicunt.
1772 1813 1785 1833 »

703 1905 711 1913 .
741 1872 958 1912 Lucilius:
989 1872 1149 1913 «Nemo
1174 1872 1244 1912 hic
1268 1872 1477 1913 vindicias
1502 1885 1644 1925 neque
1669 1886 1790 1913 sacra

675 1982 683 1990 .
739 1954 824 1995 en†
847 1951 1057 1989 veretur.»
1087 1949 1138 1990 de
1164 1963 1247 2002 quo
1272 1949 1403 1990 verbo
1426 1948 1599 1991 Cincius
1624 1950 1682 1989 sic
1707 1949 1788 1989 ait:

384 2025 618 2066 «Vindiciae
702 2025 807 2066 olim
890 2025 1147 2066 dicebantur
1222 2027 1320 2074 illan,
1385 2040 1480 2078 quae
1543 2040 1593 2066 ex
1654 2026 1789 2067 fundo

379 2104 562 2155 sumpta}
625 2102 670 2142 in
732 2102 798 2142 ius
862 2102 1016 2143 adlatae
1081 2106 1243 2143 erant.»
1311 2104 1354 2143 at
1416 2101 1504 2143 Ser.
1569 2102 1788 2155 Sulpicius

380 2211 565 2219 .....
610 2179 698 2219 iam
752 2179 1032 2231 singulariter
1084 2179 1270 2219 formato
1309 2178 1544 2219 vindiciam
1591 2192 1683 2219 esse
1716 2178 1787 2227 ait,

514 2287 521 2295 .
552 2268 609 2294 ua
632 2254 683 2295 de
707 2268 751 2294 re
788 2255 1080 2295 controversia
1115 2257 1192 2303 est,
1229 2254 1283 2294 ab
1320 2267 1369 2295 eo
1406 2254 1519 2306 quod
1547 2254 1791 2294 vindicatur

514 2364 521 2371 .
558 2332 598 2371 et
619 2331 664 2370 in
688 2329 806 2371 KH:
865 2330 933 2371 «Si
958 2329 1191 2371 vindiciam
1215 2330 1370 2371 falsam
1394 2329 1507 2378 tulit,
1534 2331 1569 2370 si
1593 2330 1698 2371 velit
1721 2330 1788 2374 is÷

381 2438 567 2447 .....
600 2409 667 2447 tor
738 2406 924 2447 arbitros
1011 2406 1087 2446 tris
1155 2406 1270 2454 dato,
1346 2419 1497 2446 eorum
1570 2405 1737 2446 arbitrii
1767 2412 1783 2435 ⁴ss

381 2515 389 2523 .
424 2515 432 2523 .
466 2482 630 2522 fructus
654 2482 861 2535 duplione
885 2482 1096 2524 damnum
1120 2481 1342 2523 decidito.»

390 2703 567 2747 Unda-m
599 2740 607 2746 .

2031 117 2033 123 ’
2027 0 2065 107 ,34ΰὲ
