2072 3222
299 131 386 174 434
426 145 484 175 QU.
500 145 575 170 XIV.
589 144 618 170 ὃ.
670 145 793 173 FESTI
816 145 973 175 FRAGM.
987 146 1014 173 E
1029 145 1123 173 COD.
1140 145 1263 174 FARN.
1280 146 1318 174 L.
1333 145 1451 174 XVIII.

1631 146 1662 170 P.
1676 144 1731 171 302
1743 144 1781 171 M.

509 260 642 315 quid†
684 261 869 311 fecisset,
912 262 1084 315 eapite†
1137 264 1247 303 esset
1289 261 1339 303 ei.
1395 274 1527 316 quam
1569 275 1641 316 pe-

509 343 644 385 nam†
720 338 795 391 qui
868 339 1262 392 persequerentur³s
1332 337 1386 379 ob
1461 337 1640 391 parvola

510 414 786 462 detrimenta,
972 415 1262 469 sycophantas
1448 415 1639 468 appella-

509 492 590 532 tos.
693 488 713 546 ΙΙ
731 491 850 533 Sulci
966 491 1257 545 appellantur,
1361 504 1447 544 qua-

316 582 333 607 5
509 570 624 608 trum
727 567 910 618 ducitur,
1025 567 1094 608 vel
1199 567 1380 609 sationis

509 643 573 685 dae
656 656 800 692 eausa,
883 643 952 685 vel
1039 644 1157 684 urbis
1239 643 1492 685 eondendae.

1547 503 1642 531 ara-

1481 567 1640 608 facien-

1576 644 1643 684 vel

509 721 680 762 fossura
760 721 887 761 rectis
981 720 1207 769 lateribus,
1289 719 1363 761 ubi
1445 719 1642 766 arboris†

1550 796 1642 837 eius

1485 962 1611 1003 greco
1625 954 1642 994 ἓν

1478 1025 1611 1066 alkon
1625 1030 1641 1071 l

1593 1115 1644 1143 ex

510 799 722 839 serantur.
820 796 992 838 fulmen
1085 810 1273 850 quoque,
1368 810 1454 850 qua

509 874 753 927 vestigium,
964 874 1166 915 similiter
1382 872 1641 926 appellatur.

298 970 333 995 10
510 950 629 1005 quod
721 951 988 992 vocabulum
1083 950 1261 1004 quidam
1344 964 1392 991 ex

509 1027 673 1078 fiotum,
800 1027 901 1081 quia
1023 1026 1088 1067 illi
1211 1025 1357 1067 dicant

509 1101 529 1159 ΙΙ
543 1103 730 1145 Suasum
805 1103 925 1145 color
997 1103 1257 1157 appellatur,
1329 1102 1404 1156 qui

508 1180 705 1222 tillieidio
723 1185 741 1227 Τ
815 1180 988 1221 fumoso
1070 1181 1116 1220 in
1190 1180 1448 1221 vestimento

1530 1179 1642 1219 albo.

508 1257 716 1298 Plautus:
782 1256 915 1308 «Quia
971 1256 1048 1297 tibi
1111 1269 1240 1298 suaso
1303 1255 1490 1296 infeeisti
1546 1268 1641 1308 pro-

298 1346 331 1371 15
508 1333 694 1387 pudiosa
771 1333 1023 1386 pallulam.»
1105 1332 1284 1385 quidam
1361 1333 1508 1372 autem

1584 1330 1642 1371 le-

509 1413 617 1463 gunt
673 1411 719 1450 in
779 1422 921 1450 suaso.
980 1422 1059 1450 nee
1120 1408 1292 1457 desunt,
1350 1407 1425 1461 qui
1482 1406 1643 1455 dicant,

510 1499 686 1527 omnem
781 1485 986 1532 colorem,
1084 1485 1160 1538 qui
1240 1484 1315 1525 fiat
1396 1483 1642 1531 inficiendo,

510 1575 689 1603 suasum
782 1561 938 1609 vocari,
1036 1560 1152 1614 quod
1251 1561 1374 1614 quasi

1470 1572 1642 1613 pel'SUa·

512 1638 637 1680 detur
734 1638 779 1679 in
875 1638 1013 1679 alium
1107 1651 1157 1678 ex
1252 1637 1353 1678 albo
1445 1638 1642 1677 transire.

297 1732 334 1757 20
512 1713 530 1770 ΙΙ
547 1714 718 1756 Saltum
782 1713 936 1756 Gallus
1011 1714 1160 1755 Aelius
1222 1713 1251 1755 l.
1315 1714 1368 1754 Π.
1426 1712 1642 1766 signifiea-

511 1792 697 1841 tionum,
821 1804 914 1844 quae
1045 1790 1100 1832 ad
1220 1792 1287 1831 ius
1408 1789 1644 1843 pertinent,

511 1869 570 1908 ita
652 1867 803 1908 definit
819 1883 827 1907 :
930 1867 1099 1908 «Saltus
1194 1869 1271 1917 est,
1360 1866 1433 1907 ubi
1526 1865 1643 1906 silvae

513 1947 555 1986 et
628 1945 849 1998 pastiones
925 1946 1040 1991 sunt,
1118 1957 1302 1997 quarum
1379 1956 1509 1984 eausa

1577 1956 1642 1983 (¹3-

510 2034 566 2061 spe
623 2033 820 2074 quoque:
879 2019 914 2060 si
972 2033 1059 2073 qua
1115 2020 1328 2074 particula
1370 2019 1414 2060 in
1469 2032 1519 2060 eo
1564 2018 1644 2059 sal-

298 2110 333 2136 25
511 2099 558 2137 tu
660 2100 898 2150 pastorum,
1004 2100 1079 2137 aut
1184 2095 1413 2137 custodum

512 2175 674 2223 aratur,
757 2187 807 2214 ea
887 2187 955 2214 res
1038 2186 1130 2214 non
1221 2173 1402 2226 peremit

1515 2108 1645 2136 (3311Ξὶ1

1482 2184 1645 2212 nomen

512 2250 687 2298 saltui†,
760 2263 849 2290 non
923 2249 1075 2303 magis,
1151 2263 1281 2302 quan]
1354 2248 1494 2297 fundi,
1570 2248 1644 2299 qui

513 2328 577 2367 est
638 2326 684 2366 in
746 2339 849 2378 agro
913 2327 1040 2375 culto,
1110 2327 1150 2366 et
1215 2325 1306 2366 eius
1371 2338 1499 2365 eausa
1564 2324 1641 2365 ha-

513 2403 583 2443 bet
694 2400 938 2452 aedificium,
1067 2403 1102 2442 si
1224 2414 1310 2454 qua
1432 2400 1643 2454 particula

302 2496 338 2521 30
513 2479 558 2518 in
661 2492 708 2519 eo
810 2479 939 2519 habet
1049 2477 1241 2519 silvam.»
1351 2475 1368 2531 Η
1385 2476 1644 2529 Supereseit,

515 2554 730 2608 significat
847 2555 1070 2608 supererit.
1187 2553 1359 2594 Ennius
1375 2569 1383 2593 ε
1506 2552 1646 2593 «Dum

516 2631 691 2683 quidem
787 2644 902 2671 unus
997 2631 1130 2671 homo
1225 2630 1451 2670 Romanus
1542 2631 1644 2682 toga

516 2707 787 2760 superescit.»
889 2710 929 2748 et
1017 2708 1155 2747 Aoer†
1236 2707 1279 2745 in
1378 2704 1617 2758 Chrysippo
1634 2720 1641 2744 :

524 2782 660 2832 «Quin
723 2782 854 2823 hinc*
929 2784 1179 2835 superescit,
1248 2782 1448 2835 Spartan]

1513 2784 1642 2834 atque
