2072 3222
329 152 409 193 100
499 166 557 194 Qu.
573 165 650 189 vm.
668 163 710 188 14.
776 166 895 193 FESTI
911 165 1066 193 FRAGM.
1084 166 1138 193 Ex
1151 167 1299 196 APOGR..
1317 168 1356 196 L.
1371 168 1442 195 XII.
1650 169 1680 192 Ρ.
1698 166 1749 193 1:33
1762 169 1801 193 M.

322 599 336 623 5
394 582 631 642 Mcmzplem·

334 991 367 1015 ιο
404 971 677 1016 Mansuetum

329 1361 647 1418 15¹1B1antare
711 1376 837 1415 saepe
900 1376 1089 1403 manere.
1143 1362 1353 1403 Caecilius
1420 1363 1465 1402 in
1527 1362 1748 1416 Epistola:

406 1441 522 1481 «lam
584 1453 638 1480 ne
702 1439 808 1480 adeo
872 1440 1033 1479 manta.
1097 1439 1182 1479 iam
1244 1438 1326 1479 hoc
1391 1438 1521 1487 vide,
1598 1453 1749 1480 caecus

399 1518 597 1558 animum
755 1549 763 1556 .
910 1550 917 1557 .
1067 1549 1074 1556 .
1224 1549 1230 1555 .
1380 1549 1387 1556 .
1535 1515 1748 1557 adventus

400 1592 558 1646 angit.»
921 1589 941 1647 ΙΙ
974 1591 1314 1632 Manticularum
1347 1605 1450 1632 usus
1483 1592 1750 1646 pauperibus

402 1670 446 1710 in
489 1670 682 1710 nummis
724 1668 1010 1710 recondendis
1054 1670 1184 1710 etiam
1236 1672 1385 1710 nostro
1438 1670 1609 1710 saeculo
1653 1669 1748 1711 fuit.

331 1769 368 1793 20
402 1747 526 1788 Unde
590 1746 868 1787 manticulari
930 1746 1194 1793 dicebantur,
1250 1749 1323 1799 qui
1385 1747 1559 1787 furandi
1618 1747 1754 1799 gratia

403 1824 662 1865 manticulas
726 1823 1027 1864 attrectabant.
1089 1823 1194 1863 Inde
1247 1825 1399 1876 poetae
1444 1833 1539 1876 'pro
1603 1823 1753 1864 dolose

404 1900 506 1953 quid
569 1900 734 1953 agende
797 1900 864 1940 usi
916 1902 1018 1940 sunt
1071 1913 1121 1940 eo
1174 1900 1316 1940 verbe.
1371 1900 1603 1940 Pacuvius:
1666 1900 1754 1940 «Ad

403 1976 782 2018 manticulandum
826 1979 922 2017 astu
964 1976 1224 2029 adgreditur.
1248 1977 1327 2017 scit
1359 1978 1477 2017 enim
1518 1976 1621 2030 quid
1653 1990 1750 2030 pro-

404 2055 646 2094 me1·uerit,»
889 2052 1069 2093 «modici
1132 2053 1445 2093 manticulatur
1470 2085 1479 2101 ‚
1544 2086 1551 2093 .
1618 2087 1625 2094 .
1689 2053 1754 2093 Ita

333 2146 367 2169 25
403 2143 471 2169 me
524 2129 625 2171 facti
667 2129 863 2183 oppressi
916 2130 1054 2182 iugo.»
1114 2129 1222 2169 Item
1267 2128 1444 2170 deinde:
1495 2128 1755 2182 «Adgrediar

404 2208 500 2246 astu
545 2220 717 2259 rogem;
762 2206 1142 2247 manticulandum
1189 2209 1252 2246 est
1284 2206 1430 2247 mihi.»
1479 2208 1519 2246 et
1569 2206 1746 2247 «Machi-

404 2296 506 2323 nam
541 2282 695 2323 ordiris
730 2296 891 2323 novam
923 2282 1183 2323 manticula»

637 2438 788 2485 «tactu,
813 2449 869 2475 an
893 2437 1112 2476 sanctiora
1135 2435 1241 2476 dicis
1264 2435 1584 2476 iuraiuranda.»

335 2522 370 2544 30
946 2511 1128 2552 Plautus
1161 2511 1243 2552 hoc
1277 2511 1516 2564 significare
1571 2511 1751 2557 videtur,

408 2588 564 2639 quibus
600 2588 792 2640 quotidie
837 2601 994 2641 parvae
1044 2601 1181 2628 noxae
1235 2590 1537 2640 extergeantur
1589 2612 1608 2627 ψ.
1672 2589 1751 2627 fre-

408 2677 545 2716 quens
580 2665 694 2704 enim
739 2665 929 2717 antiquis
974 2664 1028 2704 ad
1071 2677 1229 2704 manus
1274 2663 1501 2716 tergendas
1540 2677 1642 2704 usus
1675 2664 1755 2704 fuit

408 2741 712 2781 mantelorum.
