2072 3222
134 1455 165 1488 ῙΟ

196 195 302 222 69-70
597 197 651 224 DE
674 197 1016 225 SIGNIFICATIONE
1033 198 1274 226 VERBORUM.
1620 185 1637 224 (j
1651 189 1674 222 (J

257 313 448 355 fuerunt.
484 312 579 363 Qua
602 311 652 353 de
677 325 808 353 causa
842 312 887 352 in
910 312 1063 354 eodem
1098 314 1193 355 loco
1217 327 1271 355 ne
1308 313 1518 367 despuere
1546 314 1683 355 alicui*

257 383 429 424 licebat.

197 453 329 495 Doli
350 453 617 495 vocabulum
651 466 769 493 nunc
793 454 965 493 tantum
988 456 1035 493 in
1068 454 1193 494 malis
1217 454 1396 504 utimur,
1430 454 1546 508 apud
1569 457 1677 496 anti-

259 538 366 578 quos
389 527 534 566 autem
570 524 702 565 etiam
738 523 782 563 in
806 523 932 563 bonis
968 524 1095 564 rebus
1130 525 1346 566 utebatur.
1390 525 1512 567 Unde
1536 525 1678 566 adhuc

259 595 442 635 dicimus
480 592 569 635 sine
613 591 708 635 dolo
751 591 878 643 malo,
917 594 1127 635 nimirum
1166 597 1267 648 quia
1305 596 1474 637 solebat
1512 595 1594 637 dici
1638 600 1679 637 et
1701 613 1715 635 5

257 665 412 705 bonus

197 735 364 776 Dirus
389 734 458 775 dei
482 734 545 776 ira
568 736 711 775 natus.

198 807 482 856 Derogare
505 805 677 858 proprie
702 807 777 853 est,
803 819 902 846 cum
927 805 1029 858 quid
1055 820 1104 846 ex
1127 807 1220 859 lege
1244 809 1398 854 vetere,
1425 820 1509 860 quo
1533 807 1678 847 minus

258 877 345 925 fiat,
370 875 563 916 sancitur
585 875 678 928 lege
702 888 829 917 nova.
854 875 1073 929 Derogare
1099 890 1197 929 ergo
1222 876 1447 918 detrahere
1472 878 1548 918 est.

199 946 524 986 Dierectum
546 945 750 986 dicebant
783 959 859 999 per
881 945 1171 999 antiphrasin,
1206 947 1402 988 volentes
1436 946 1678 1000 significare
1703 964 1736 987 ιω

258 1017 426 1058 malum
449 1016 576 1058 diem.

199 1087 453 1138 Dirigere
478 1087 595 1141 apud
618 1087 822 1128 Plautum
845 1088 1066 1129 invenitur
1087 1101 1165 1141 pro
1187 1087 1407 1129 discidere.

200 1158 549 1199 DerunCiunt
575 1157 831 1211 depurgant.
1128 1196 1131 1198 ,

200 1228 459 1269 Dirutum
493 1239 602 1270 aere
638 1229 822 1269 militem
858 1228 1061 1270 dicebant
1096 1229 1278 1282 antiqui,
1314 1230 1381 1269 cui
1415 1228 1680 1282 stipendium

260 1300 509 1352 ignominia>
534 1313 664 1340 causa
698 1313 788 1340 non
812 1303 902 1341 erat
929 1300 1094 1349 datum,
1131 1300 1245 1353 quod
1269 1314 1325 1340 zes
1362 1300 1614 1340 diruebatur
1635 1301 1680 1339 in
1704 1316 1737 1340 15

260 1371 426 1420 fiscum,
449 1383 541 1412 non
563 1373 609 1411 in
633 1370 784 1411 milit-is
807 1371 1044 1412 sacculum.

200 1440 456 1482 Delicata
479 1441 681 1482 dicebant
696 1440 759 1481 dis
784 1444 1049 1489 consecrata,
1070 1455 1164 1494 quae
1189 1453 1307 1482 nunc
1324 1440 1532 1482 dedicata.
1559 1439 1681 1481 [nde

261 1511 401 1552 adhuc
416 1514 564 1552 manet
579 1507 798 1560 delicatus,
822 1512 947 1564 quasi
962 1512 1078 1552 lusui
1104 1511 1282 1553 dicatus.
1309 1508 1520 1553 Dedirarc
1537 1514 1683 1551 autem

261 1583 432 1635 proprie
457 1584 520 1623 est
542 1581 724 1622 dicendo
748 1581 925 1623 deferre.

202 1652 501 1704 Depuvere
527 1652 701 1693 caedere.
737 1651 955 1692 Lucilius:
1000 1652 1272 1704 «Palmisque
1297 1652 1514 1692 misellam
1540 1652 1682 1704 Depu-
1706 1668 1739 1692 20

261 1725 320 1763 vit
342 1737 453 1770 me»,
488 1723 529 1763 id
554 1724 616 1763 est
649 1722 891 1763 verberavit
926 1736 1007 1770 me,
1045 1722 1161 1775 quod
1194 1724 1338 1776 ipsum
1375 1736 1424 1762 ex
1447 1720 1596 1762 erco
1622 1723 1685 1761 est

263 1791 338 1833 ἀπὸ
362 1800 427 1833 τοῦ
451 1797 594 1833 παίειν.

201 1863 405 1904 Dedita
427 1864 694 1917 intellegitur
717 1864 842 1905 valde
868 1863 982 1905 data.

201 1933 473 1985 Deperire
498 1935 712 1988 significat
735 1934 860 1975 valde
884 1937 1036 1987 perire.

201 2005 373 2061 As'sis'asz
399 2004 536 2046 Graeci
559 2005 789 2058 appellant
818 2005 954 2059 pelles
980 2007 1191 2053 nauticas,
1230 2018 1336 2058 quas
1360 2018 1441 2044 nos
1477 2017 1683 2044 vocamus
1707 2021 1739 2044 ω

260 2075 469 2130 sessestria.

201 2145 455 2195 Demum‚
481 2145 597 2198 quod
619 2146 833 2199 significat
856 2148 965 2199 post,
1001 2145 1117 2199 apud
1139 2146 1311 2186 Livium
1344 2142 1487 2187 r‘lvmus
1511 2145 1682 2191 legitur.

263 2215 345 2256 Alii
370 2215 547 2256 demum
570 2229 646 2269 pro
671 2216 897 2257 dumtaxat
919 2218 1174 2269 posuerunt.

202 2286 500 2327 Denicales
534 2286 686 2327 feriae
711 2286 981 2334 colebantur,
1021 2300 1120 2327 cum
1143 2286 1336 2326 hominis
1370 2287 1530 2326 mortui
1555 2298 1683 2325 causa

261 2357 428 2397 familia
450 2357 731 2410 purgabatur.
757 2356 896 2398 Graeci
920 2360 1037 2398 enim
1062 2361 1174 2397 νέκυν
1199 2358 1421 2397 mortuum
1445 2355 1608 2396 dicunt.
1707 2374 1740 2393 31·

203 2427 534 2468 Deminutus
570 2427 750 2479 capite
775 2428 1037 2481 appellatur,
1076 2428 1149 2480 qui
1172 2427 1344 2468 civitate
1381 2429 1573 2467 mutatus
1598 2429 1683 2473 est,

263 2501 302 2539 et
325 2512 375 2539 ex
398 2499 483 2539 alia
506 2498 673 2538 familia
707 2500 751 2538 in
774 2498 906 2539 aliam
942 2498 1195 2551 adoptatus;
1233 2499 1273 2537 et
1308 2498 1380 2550 qui
1416 2497 1525 2537 liber
1561 2497 1685 2537 alteri

262 2570 482 2622 mancipio
506 2568 632 2610 datus
657 2571 742 2615 est;
780 2572 820 2610 et
843 2571 916 2622 qui
952 2571 997 2609 in
1020 2568 1211 2608 hostium
1248 2569 1504 2620 potestatem
1540 2569 1680 2613 venit;

264 2641 305 2679 et
328 2640 396 2679 cui
419 2653 533 2692 aqua
555 2639 732 2692 ignique
757 2639 1036 2681 interdictum
1062 2641 1136 2680 est.

203 2708 522 2750 Dividicula
544 2709 714 2762 antiqui
748 2709 963 2759 dicebant,
1000 2723 1092 2762 quw
1129 2722 1247 2748 nunc
1283 2710 1384 2748 sunt
1407 2705 1591 2749 castella.
1631 2721 1681 2747 ex
1706 2723 1738 2747 35

265 2779 422 2831 quibus
456 2793 480 2819 a
501 2781 592 2820 rivo
616 2781 839 2820 communi
874 2793 1033 2832 aquam
1059 2780 1240 2831 quisque
1265 2779 1309 2818 in
1344 2792 1472 2819 suum
1496 2777 1683 2818 fundum

265 2847 394 2889 ducit.

276 2943 385 2967 Festus.
1524 2928 1539 2959 1<
