2072 3222
319 110 403 153 324
465 125 522 154 Qr.
544 123 609 148 ΧΠ.
632 122 674 147 17.
737 122 860 149 Fsssm
875 122 1031 150 FRAGM.
1047 121 1074 148 E
1092 120 1184 147 con.
1204 120 1326 147 FARN.
1343 120 1381 147 L.
1396 120 1480 146 XVI.
1631 118 1662 142 P.
1684 115 1736 141 249
1757 117 1805 141 M.

320 944 354 968 10

322 1710 359 1734 20

324 2100 359 2124 25

324 2475 361 2499 30

391 237 409 295 ΙΙ
424 239 611 280 Procum
624 237 857 292 patricium
872 236 1247 291 indiscriptionec†
1258 241 1350 283 eas†
1364 237 1633 287 siumquamJs
1642 233 1742 274 fecit

391 316 480 357 Ser.
513 313 694 364 Tullius,
717 313 934 367 significat
954 327 1198 367 procerum.
1221 314 1248 354 i.
1268 318 1285 359 4
1312 311 1429 353 enim
1448 313 1552 352 sunt
1583 310 1739 364 princi-

389 405 478 445 peS.
497 404 601 432 nam
619 392 740 444 proci
762 389 980 439 dicuntur,
1005 389 1077 443 qui
1099 390 1289 442 poscunt
1310 387 1503 440 aliquam
1526 387 1572 427 in
1594 388 1741 427 matri-

390 468 602 517 monium,
636 465 799 508 Graece
831 481 1028 522 νηστηρες
1068 467 1103 508 4.
1137 467 1201 506 est
1233 464 1349 505 enim
1381 477 1560 517 procare
1593 476 1741 516 posce-

389 558 434 586 re
439 547 499 595 ,ut
509 558 607 585 cum
623 543 834 584 diciturin
842 542 984 583 iudice
994 541 1264 583 conlocando
1283 543 1342 581 «si
1354 540 1488 582 alium
1502 552 1669 592 procas,
1678 539 1743 579 ni-

389 635 439 662 ve
463 634 563 662 eum
597 633 774 674 procas»
812 619 896 659 hoc
919 622 981 660 est
1001 620 1145 672 poscis
1159 633 1168 667 ;
1193 617 1307 658 unde
1341 618 1472 658 etiam
1496 616 1742 656 meretrices

389 711 604 751 procaces.
680 695 698 752 ΙΙ
721 696 1047 748 Praerogativae
1071 694 1286 745 centuries
1314 696 1331 725 4
1359 693 1573 742 dicuntur,
1599 695 1646 732 ut
1668 692 1745 732 <lo-

390 777 455 816 cet
487 774 625 815 Varro
661 787 807 814 rerum
840 772 1137 813 humanarum
1166 772 1192 812 1.
1217 771 1305 821 VL,
1329 784 1488 823 querus
1513 803 1520 810 .
1547 802 1556 810 .
1583 802 1591 810 .
1613 774 1629 815 †
1654 769 1742 809 Ro-

391 853 523 900 mani,
570 849 642 904 qui
687 850 940 903 ignorarent
982 848 1204 902 petitores,
1255 848 1423 888 facilius
1475 860 1548 888 eos
1601 846 1742 886 anim-

391 927 609 970 advertere
700 928 890 979 possent.
972 926 1148 967 Verrius
1229 923 1499 978 probabilius
1580 921 1747 963 iudicat

392 1018 497 1054 esse,
531 1007 577 1045 ut
612 1017 710 1044 cum
744 1006 887 1044 essent
919 1002 1131 1055 designati
1164 1015 1189 1041 a
1220 1000 1527 1054 praerogativis,
1577 1001 1623 1039 in
1656 1013 1745 1039 ser-

392 1095 570 1122 monem
616 1094 683 1120 res
746 1079 911 1120 veniret
956 1078 1109 1132 populi
1161 1077 1212 1118 de
1266 1076 1432 1130 dignis,
1486 1075 1742 1128 indignisve,

391 1161 432 1200 et
522 1158 677 1199 fierent
769 1157 897 1209 ceteri
1004 1156 1300 1208 diligentiores
1392 1153 1445 1194 ad
1537 1152 1743 1205 suffragia

391 1235 441 1276 de
474 1235 540 1275 his
571 1234 763 1276 ferenda.
837 1231 858 1288 ΙΙ
879 1232 1105 1274 Peculium
1138 1244 1360 1272 servorum
1392 1243 1548 1283 pecore
1586 1232 1602 1261 4
1640 1229 1745 1270 item

341 1335 354 1357 5
392 1312 555 1352 dictum
580 1313 655 1359 est,
679 1313 727 1351 ut
750 1324 799 1350 ex
826 1312 843 1340 4
870 1309 1058 1362 pecunia
1089 1311 1263 1361 patrum
1296 1306 1502 1347 familiae.
1565 1303 1583 1361 ΙΙ
1607 1305 1746 1347 Puelli

392 1387 817 1442 perdeminutionem
856 1391 873 1431 †
909 1399 934 1426 a
986 1387 1131 1439 pueris
1184 1384 1286 1425 dicti
1338 1386 1454 1424 sunt.
1507 1383 1652 1436 itaque
1705 1385 1748 1422 et

393 1465 561 1505 Ennius
625 1466 707 1505 ait:
749 1463 1053 1514 «Penisolitis†
1086 1475 1162 1502 uos
1199 1464 1216 1495 4
1255 1461 1496 1501 sacrificare
1529 1459 1739 1512 puellos.»

394 1548 435 1582 et
457 1540 671 1582 Lucilius:
714 1553 923 1593 «cumque
956 1539 1026 1579 hic
1058 1541 1149 1580 tam
1182 1539 1401 1578 formosus
1435 1536 1583 1583 homo,
1618 1549 1668 1577 ac
1700 1538 1741 1575 te

395 1618 548 1671 dignus
581 1617 795 1670 puellus.»
834 1616 890 1656 Et
911 1615 1115 1656 Plautus:
1147 1614 1331 1655 «holimi
1359 1613 1459 1653 huic
1492 1612 1644 1666 puello
1679 1626 1744 1652 se-

394 1708 438 1735 se
471 1708 633 1736 renum
668 1693 851 1734 ducier.»
1009 1689 1028 1746 ΙΙ
1052 1691 1480 1736 Praeciamitatores†
1526 1689 1747 1737 dicuntur,

395 1772 469 1824 qui
490 1771 522 1811 F
526 1770 762 1811 laminibus
784 1769 917 1818 Diali,
942 1768 1169 1819 Quirinali,
1194 1767 1396 1816 Martiali,
1430 1766 1690 1807 antecedent
1724 1772 1741 1794 4

394 1848 641 1889 exclamant
684 1848 771 1888 fere
814 1846 881 1886 his
919 1848 935 1873 4
989 1845 1190 1899 publicis,
1266 1847 1314 1885 ut
1387 1843 1589 1884 homines
1672 1843 1750 1884 ab·

394 1926 584 1966 stineant
628 1938 671 1964 se
706 1936 848 1976 opere,
894 1923 994 1975 quia
1026 1922 1093 1962 his
1137 1935 1245 1974 opus
1279 1921 1509 1961 facientem
1553 1919 1686 1960 videri
1725 1922 1741 1948 4

393 2002 640 2054 religiosum
674 2002 750 2041 est.
814 1997 832 2055 ΙΙ
855 1998 1022 2039 Pedum
1057 2000 1119 2039 est
1152 1997 1328 2051 quidem
1361 1998 1565 2038 baculum
1601 1998 1747 2037 incur-

396 2091 511 2128 vum,
568 2090 653 2130 quo
716 2079 911 2129 pastores
964 2078 1149 2116 utuntur
1211 2074 1264 2115 ad
1328 2072 1750 2127 conprehendendas

396 2167 510 2203 oves,
556 2156 632 2194 aut
676 2166 841 2206 capras,
874 2166 899 2192 a
930 2152 1128 2206 pedibus.
1163 2152 1285 2192 cuius
1319 2165 1391 2192 .m.
1427 2151 1556 2191 etiam
1602 2150 1747 2202 Vergi-

397 2230 480 2270 lius
532 2230 577 2270 in
628 2228 857 2279 Bucolicis.
891 2243 988 2269 cum
1033 2228 1114 2269 ait:
1153 2228 1233 2269 «At
1284 2227 1331 2267 tu
1375 2241 1497 2267 sume
1541 2226 1740 2278 pedum.»

398 2306 471 2347 sed
494 2306 540 2346 in
564 2320 612 2347 eo
636 2319 774 2354 versu,
809 2307 882 2357 qui
915 2307 976 2346 est
998 2305 1042 2345 in
1065 2304 1289 2358 Iphigenie
1317 2306 1334 2330 4
1361 2303 1503 2343 Enni:
1541 2302 1748 2356 «procede

397 2382 590 2435 gradum,
624 2382 815 2435 proferre
848 2381 1033 2435 pedum,
1067 2382 1229 2429 nitere,
1264 2393 1403 2421 cessas
1417 2383 1460 2421 2³»
1500 2379 1689 2432 idipsum
1726 2381 1742 2409 4

396 2459 585 2499 iaculum
644 2460 661 2490 4
713 2458 961 2511 significari,
1008 2471 1106 2498 cum
1159 2458 1218 2498 ait
1261 2457 1450 2506 Verrius,
1500 2455 1648 2496 mirari
1680 2469 1747 2495 sa·-

397 2536 450 2576 tis
473 2548 564 2575 non
585 2548 777 2588 possum,
802 2547 900 2574 cum
924 2534 977 2574 sit
1007 2533 1111 2574 ordo
1143 2533 1259 2582 talis,
1293 2536 1333 2573 et
1354 2546 1430 2586 per
1463 2546 1562 2572 eum
1587 2531 1747 2585 signifi-

399 2611 508 2652 catio
544 2613 707 2664 aperta,
741 2610 923 2663 gradum
957 2611 1150 2664 proferre
1196 2609 1388 2663 peduml
1422 2610 1599 2649 cessas†
1637 2608 1748 2648 nite-

398 2701 455 2727 re.
637 2685 655 2742 ΙΙ
682 2686 798 2728 Pone
842 2685 961 2740 gravi
1004 2699 1112 2727 sono
1159 2687 1327 2739 antiqui
1372 2685 1609 2725 utebantur
1647 2697 1747 2737 pro-

398 2763 486 2815 logi
551 2765 567 2793 4
635 2762 964 2816 significatione.
1043 2761 1126 2803 Sed
1202 2762 1488 2815 praeicientes
1559 2760 1746 2801 vocabu·
