2072 3222
355 130 381 170 4⁴
676 140 799 168 PAULI
822 136 1036 165 EXCERPTA
1059 136 1113 162 EX
1136 136 1220 162 LIB.
1243 135 1368 162 POMP.
1392 134 1511 161 FESTI
1771 129 1842 154 4-ss

354 259 536 301 Ambo
560 273 609 299 ex
632 255 779 298 Graeco
803 254 981 294 ductum
1017 251 1200 301 videtur,
1231 250 1348 304 quod
1378 250 1444 291 illi
1462 249 1584 305 ἄμφω
1618 248 1782 289 dicunt.

355 329 657 371 Ambactus
692 325 808 379 apud
830 324 1025 364 Ennium
1048 322 1200 374 lingua
1222 320 1393 362 Gallica
1409 333 1557 362 servus
1581 319 1841 373 appellatur.

359 400 465 442 Am
488 397 736 453 praepositio
760 393 999 448 loquelaris
1022 391 1240 445 significat
1262 393 1438 440 circum,
1462 390 1578 431 unde
1602 403 1736 442 supra
1757 402 1840 430 ser⁴

417 485 494 511 vus
518 469 758 516 ambactus,
781 466 824 506 id
849 467 911 506 est
934 465 1222 505 circumactus
1247 462 1417 503 dicitur.

359 541 591 583 Ambest
620 541 679 581 ita
710 537 847 578 tertiae
880 549 1078 590 personae
1114 535 1296 576 verbum
1321 536 1397 583 est,
1421 535 1468 573 ut
1503 533 1675 573 nullam
1710 531 1844 572 aliam

417 612 580 653 habeat
602 607 956 650 declinationem.

360 680 635 733 Ambegni
656 680 736 720 bos
759 681 800 720 et
816 677 963 719 verbix
986 676 1340 730 appellabantur,
1365 688 1461 715 cum
1481 673 1535 714 ad
1559 687 1709 714 eorum
1732 675 1844 713 utra-

421 767 503 807 que
526 752 662 792 latera
685 751 786 802 agni
809 749 853 789 in
877 747 1139 788 sacrificium
1163 746 1448 787 ducebantur.

361 821 667 865 Ambidens
690 822 778 860 sive
801 819 956 859 bidens
979 818 1071 858 ovis
1096 816 1416 870 appellabatur,
1441 829 1523 869 que
1547 813 1846 868 superioribus

437 897 477 936 et
498 891 777 935 inferioribus
799 892 862 932 est
883 889 1099 930 dentibus.

362 964 620 1007 Abemito
645 961 861 1015 significat
883 960 1046 1001 demito
1070 960 1136 1000 vel
1161 958 1343 999 auferto.
1375 954 1523 999 Emere
1542 959 1659 997 enim
1678 956 1847 1010 antiqui

423 1035 623 1076 dicebant
645 1047 723 1087 pro
749 1032 955 1085 accipere.

300 574 314 596 ὃ

325 927 355 948 11·

363 1103 729 1147 Ambarvales
764 1101 917 1143 hostiae
952 1100 1305 1155 appellabantur,
1341 1113 1436 1153 quae
1460 1113 1537 1152 pro
1562 1098 1673 1140 arvis
1697 1112 1723 1139 a
1745 1097 1847 1139 duo-
1904 1112 1913 1126 -

424 1177 505 1216 bus
528 1174 734 1215 fratribus
761 1172 1134 1213 sacrificabantur.

308 1267 341 1290 15
366 1243 757 1288 Amburbiales
793 1243 944 1284 hostire
981 1242 1250 1291 dicebantur,
1310 1257 1404 1296 quae
1439 1245 1600 1285 circum
1636 1243 1847 1284 terminos

426 1317 545 1357 urbis
568 1317 715 1356 Romae
739 1314 1026 1355 ducebantur.

367 1386 668 1429 Ambustus
692 1386 996 1425 circumustus.

368 1456 623 1499 Ambitus
647 1456 819 1509 proprie
859 1454 1015 1494 dicitur
1050 1455 1253 1495 circuitus
1288 1455 1570 1496 aedificiorum
1606 1457 1762 1509 patens
1802 1454 1846 1494 in

428 1526 704 1569 latitudinem
725 1525 856 1579 pedes
880 1525 987 1565 duos
1003 1528 1043 1565 et
1057 1525 1294 1573 semissem,
1320 1527 1364 1565 in
1390 1525 1711 1579 longitudinem
1730 1525 1846 1565 idem

310 1621 346 1643 21)
431 1597 545 1651 quod
568 1596 822 1637 aedificium:
847 1596 920 1636 sed
954 1598 995 1636 et
1019 1596 1171 1636 eodem
1207 1596 1422 1637 vocabulo
1459 1597 1622 1638 crimen
1657 1595 1847 1637 avaritiae

429 1668 497 1709 vel
520 1667 703 1708 affectati
725 1667 905 1707 honoris
923 1667 1181 1720 appellatur.

372 1738 657 1780 Adolescit
692 1752 716 1778 a
753 1737 902 1779 Graeco
922 1736 1142 1794 ἀλδήσκ(υ*’
1164 1738 1207 1778 id
1231 1741 1293 1778 est
1316 1738 1533 1787 adei-esce,
1556 1739 1688 1779 venit.
1727 1736 1851 1778 Unde

432 1809 543 1849 fiunt
565 1808 752 1857 adultus,
777 1808 1056 1856 adulescens:
1081 1809 1231 1857 altare,
1257 1822 1320 1858 eo,
1345 1810 1460 1862 quod
1484 1810 1529 1849 in
1553 1809 1628 1850 illo
1652 1808 1765 1862 ignis
1783 1821 1851 1847 ex-

433 1882 604 1929 crescit;
662 1884 703 1921 et
738 1881 948 1930 exoletus,
986 1882 1059 1934 qui
1107 1882 1287 1921 excessit
1321 1881 1555 1929 olescendi,
1592 1879 1634 1920 id
1669 1881 1732 1920 est
1769 1892 1853 1918 cre-

314 1970 347 1995 2⁵
432 1951 590 2001 scendi,
614 1952 817 2000 modum3
843 1954 883 1992 et
904 1951 1101 2001 inolevit,
1124 1951 1167 1992 id
1191 1954 1253 1992 est
1275 1953 1417 1992 crevit.

373 2022 587 2064 Altaria
609 2025 723 2072 sunt,
747 2023 791 2062 in
817 2022 973 2076 quibus
995 2024 1094 2075 igne
1118 2022 1331 2063 adoletur.

374 2093 561 2134 Aliuta
594 2093 762 2147 antiqui
798 2092 1001 2134 dicebant
1034 2107 1112 2146 pro
1148 2093 1287 2143 aliter,
1335 2108 1385 2134 ex
1420 2092 1570 2134 Graeco
1604 2091 1647 2132 id
1681 2089 1854 2135 ἀλλοίως
1919 2094 1924 2102 “

434 2164 754 2205 transferentes
778 2164 894 2204 Hinc
911 2166 974 2204 est
987 2164 1096 2204 illud
1113 2164 1157 2204 in
1180 2164 1351 2217 legibus
1374 2163 1524 2204 Numae
1547 2162 1758 2215 Pompili:
1790 2159 1857 2201 «Si

437 2234 667 2287 quisquam
691 2234 827 2275 aliuta
850 2234 969 2283 faxit,
994 2234 1111 2287 ipsos
1135 2234 1228 2274 Iovi
1247 2248 1366 2274 sacer
1388 2236 1518 2275 esto.»

320 2323 354 2345 30
380 2304 514 2345 Astu
549 2304 664 2357 apud
686 2307 837 2357 poetas
860 2306 1065 2345 astutiam
1090 2305 1316 2357 significat,
1340 2306 1461 2345 cuius
1485 2304 1604 2356 origo
1628 2317 1678 2343 ex
1707 2301 1856 2343 Graeco

440 2373 617 2428 oppido,
663 2374 772 2423 ἄστη,
818 2374 1058 2425 deducitur,
1104 2375 1149 2415 in
1194 2388 1278 2428 quo
1304 2376 1377 2428 qui
1403 2373 1647 2415 conversati
1685 2371 1857 2413 assidue

438 2446 537 2494 sint,
563 2444 679 2484 cauti
701 2447 829 2498 atque
854 2445 969 2486 acuti
993 2459 1083 2486 esse
1102 2445 1344 2486 videantur.

381 2514 606 2555 Astutus
631 2518 719 2554 arte
738 2517 868 2556 tutus.

382 2584 553 2635 Algeo
579 2599 627 2624 ox
651 2584 798 2625 Graeeo
824 2584 931 2636 ἀλγῶ
960 2586 1144 2635 ducitur,
1168 2587 1287 2626 idest
1311 2586 1453 2633 doleo,
1479 2588 1526 2626 ut
1549 2586 1603 2625 sit
1625 2583 1761 2635 frigus
1785 2582 1857 2623 do·

325 2674 358 2695 κς,
442 2655 508 2695 lor
531 2653 706 2707 quidam
730 2656 1027 2696 membrorum
1051 2657 1190 2708 rigore
1214 2656 1450 2696 conlectus.
1467 2657 1486 2673 *²

383 2724 484 2765 Ast
516 2723 728 2777 significat
751 2727 806 2774 at,
830 2726 916 2774 sed,
941 2729 1101 2767 autem.

385 2794 537 2835 Anus
571 2794 682 2836 diota
706 2798 767 2835 ost
790 2796 842 2835 ab
880 2810 1094 2837 annorum
1130 2796 1423 2843 multitudine,
1461 2796 1671 2848 quoniam
1692 2792 1862 2846 antiqui
