2072 3222
318 144 395 184 196
458 157 514 186 Qr.
531 156 580 180 ix.
596 154 638 180 29.
718 157 837 184 FESTI
851 157 1006 184 FRAGM.
1023 158 1049 184 E
1064 158 1154 185 oon.
1170 158 1291 186 FARN.
1310 159 1347 187 L.
1362 159 1452 187 xm.
1634 160 1664 183 Ρ.
1684 157 1789 184 ¹81M.

382 278 432 320 de
455 292 504 319 eo
527 280 737 326 suma-tur,
754 277 867 330 quod
881 277 1070 317 Romani
1092 277 1170 317 llio
1194 279 1296 317 sunt
1319 276 1512 326 mvndvs,
1527 279 1569 317 et
1582 276 1724 317 Troia-

382 355 427 394 ni
459 354 518 394 ita
542 353 680 406 effigie
724 353 903 406 mequi†
936 353 1023 393 sint
1055 353 1182 406 capti.
1221 353 1371 393 Multis
1407 355 1555 393 autem
1588 352 1723 405 genti-

380 430 461 471 bus
493 443 653 483 equum
686 429 926 470 hostiarum
959 443 1141 470 numero
1173 428 1324 469 haberi
1356 429 1603 470 testimonio
1627 430 1728 468 sunt

380 506 696 556 Lacedaemoni,
744 506 817 559 qui
863 508 909 546 in
956 508 1103 547 monte
1150 506 1338 559 Taygeto
1382 519 1541 559 equum
1588 504 1727 545 ventis

327 602 342 626 5
380 583 624 633 immolant,
670 583 915 636 ibidemque
963 583 1151 632 adolent,
1195 586 1242 623 ut
1286 596 1436 624 eorum
1482 581 1588 622 flatu
1621 582 1731 622 cinis

381 660 471 700 eius
503 673 581 714 per
611 660 710 700 finis
742 674 872 712 quam
904 659 1114 701 latissime
1148 659 1381 700 differatur.
1434 658 1490 699 Et
1522 657 1725 699 Sallenti-

380 738 439 778 ni.
488 741 763 790 a1311t†quos
808 736 1035 777 Menzanae
1084 736 1175 777 lovi
1221 735 1385 776 dicatus
1429 736 1550 776 vivos
1595 735 1727 776 conli-

380 814 514 856 citur†
541 814 586 852 in
600 813 760 866 ignem,
775 815 815 853 et
828 813 984 862 tro(li†‚
998 812 1069 866 qui
1086 812 1201 865 quod
1216 813 1345 853 annis
1360 819 1376 852 †
1392 811 1623 866 quadrigas
1646 811 1727 852 soli

380 891 652 930 consecratas
695 889 741 929 in
785 902 902 930 mare
946 889 1123 938 iaciunt,
1159 889 1273 942 quod
1307 889 1399 929 his*
1435 889 1512 929 tali
1535 887 1723 929 curricu-

311 977 344 1001 10
377 967 419 1007 lo
451 966 586 1007 fertur
618 966 881 1007 circumvehi
914 966 1143 1007 mundum.
1207 963 1226 1021 ΙΙ
1249 965 1506 1007 Occidamus
1544 965 1725 1006 Plautus

379 1045 503 1098 ponit
519 1056 597 1096 pro
617 1045 765 1083 contra
795 1042 1013 1084 cedamus.
1042 1056 1140 1083 cum
1162 1042 1363 1095 plurimae
1395 1042 1489 1082 aliae
1520 1043 1725 1096 praeposi-

378 1120 519 1161 tiones
581 1119 883 1160 familiariores
946 1118 1044 1159 huic
1105 1119 1237 1160 verbo
1300 1119 1401 1159 sint.
1529 1116 1726 1174 1106681]-

378 1196 534 1236 tassint
580 1196 746 1249 antiqui
794 1195 1008 1244 dicebant,
1057 1195 1171 1248 quod
1217 1209 1335 1236 nunc
1383 1196 1623 1236 convicium
1668 1196 1725 1237 fe-

380 1274 516 1324 ceritjr,
540 1274 734 1323 dicimus,
750 1272 867 1326 quod
884 1273 927 1313 id
945 1272 1071 1322 cla-re,
1088 1274 1129 1313 et
1151 1286 1249 1313 cum
1273 1272 1461 1325 quodam
1486 1285 1643 1312 canore
1666 1272 1726 1322 fit,

312 1367 344 1391 15
378 1353 427 1392 ut
447 1351 599 1405 procul
622 1349 813 1391 exaudiri
835 1350 985 1403 possit.
1011 1348 1127 1403 quod
1149 1351 1272 1402 turpe
1295 1349 1490 1397 habetur,
1517 1348 1617 1402 quia
1638 1363 1727 1390 non

381 1427 473 1468 sine
518 1440 649 1467 causa
690 1426 782 1467 fieri
825 1428 1016 1479 putatur.
1062 1425 1164 1466 inde
1198 1425 1460 1467 cantilenam
1495 1425 1591 1475 dici,
1626 1425 1726 1478 quia

380 1505 533 1546 illam*
566 1517 654 1545 non
686 1502 879 1544 candum
910 1502 1225 1543 iucunditatem
1255 1505 1373 1556 puto.
1531 1500 1549 1558 ΙΙ
1574 1501 1725 1542 Ocrem

381 1583 563 1635 antiqui,
596 1584 643 1622 ut
661 1581 805 1622 Ateius
838 1580 1092 1633 Philologus
1123 1581 1169 1620 in
1201 1581 1312 1621 libro
1351 1579 1726 1627 Gloiematorum†

379 1662 523 1709 refert,
575 1661 769 1700 montem
833 1659 1135 1711 confragosum
1197 1659 1424 1708 vocabant,
1479 1662 1526 1699 ut
1589 1662 1728 1712 apum

309 1754 347 1778 20
378 1737 564 1778 Livium:
581 1754 594 1773 «
605 1736 687 1777 Sed
703 1737 777 1789 qui
791 1738 893 1776 sunt
906 1736 961 1783 hi,
974 1736 1046 1788 qui
1061 1735 1306 1776 ascendunt
1320 1736 1457 1776 altum
1473 1736 1605 1777 ocrim
1616 1739 1656 1776 :³»
1673 1738 1727 1777 et:

387 1815 633 1867 «celsosque
657 1814 778 1863 ocris,
803 1826 991 1866 arvaque
1023 1814 1179 1866 putria,
1215 1817 1256 1854 et
1288 1827 1405 1854 mare
1438 1819 1725 1866 magnum.»†

386 1891 604 1945 «Namque
619 1891 796 1937 Tenari†
819 1890 956 1931 celsos
974 1891 1119 1930 ocris.»
1149 1894 1212 1931 et:
1244 1890 1372 1931 «haut
1394 1893 1441 1931 ut
1458 1904 1584 1944 quem
1599 1890 1727 1932 Chiro

381 1968 425 2009 in
473 1967 589 2008 Pelio
638 1967 781 2008 docuit
828 1967 951 2008 ocri.»
1006 1967 1120 2007 unde
1166 1967 1346 2007 fortasse
1391 1967 1518 2008 etiam
1572 1967 1728 2007 ocriae4

380 2048 469 2087 sint
532 2044 652 2085 dictae
715 2043 986 2097 inaequaliter
1047 2044 1268 2084 tuberatae.
1403 2041 1421 2098 ΙΙ
1446 2042 1620 2093 Occare,
1687 2046 1726 2084 et

310 2131 345 2155 25
382 2125 621 2163 occatorem
684 2120 859 2161 Verrius
920 2123 1043 2173 putat
1105 2120 1268 2160 dictum
1342 2120 1395 2160 ab
1454 2119 1726 2170 occaedendo,

384 2198 498 2253 quod
522 2198 657 2239 caedat
678 2197 851 2249 grandis
869 2197 1019 2249 globos
1051 2199 1196 2238 terrae:
1222 2211 1319 2238 cum
1350 2196 1496 2238 Cicero
1515 2198 1726 2238 venustis-

382 2275 523 2326 simei
572 2274 684 2314 dicat
727 2274 781 2314 ab
827 2273 1079 2314 occaecando
1128 2274 1271 2326 fruges
1315 2276 1441 2314 sata-s.
1558 2271 1576 2328 ΙΙ
1601 2272 1727 2314 Ocius

383 2350 582 2391 secundae
628 2350 887 2397 collationis,
934 2351 975 2390 et
1018 2348 1172 2390 deinde
1217 2351 1351 2390 tertiae
1396 2350 1594 2391 ocissime
1644 2350 1726 2390 fre-

385 2430 592 2480 quentata
635 2429 750 2467 sunt.
817 2426 898 2466 Alii
931 2426 1064 2467 dictas
1097 2428 1266 2467 nostros
1282 2433 1311 2476 4„
1346 2429 1483 2467 tracta
1515 2440 1563 2467 ex
1611 2425 1726 2467 Grae-

313 2518 349 2541 30
383 2517 446 2553 co,
481 2504 522 2544 id
557 2506 618 2544 est
650 2502 802 2548 ὠκέως,
837 2502 955 2543 cuius
990 2502 1131 2555 prima
1152 2503 1419 2555 significatio,
1444 2517 1493 2544 ex
1515 2517 1600 2556 qua
1632 2516 1726 2555 pro-

385 2579 531 2620 cedere
577 2579 621 2619 in
665 2580 1037 2632 comparationem
1082 2579 1220 2627 debet,
1267 2579 1380 2632 apud
1413 2592 1492 2619 nos
1527 2592 1616 2620 non
1650 2581 1726 2628 est,

384 2656 517 2697 tertiae
536 2669 636 2696 vero
671 2655 978 2697 consolationis
994 2662 1024 2705 l,
1044 2654 1163 2696 cuius
1182 2657 1345 2696 maiora
1358 2663 1374 2684 Φ
1398 2655 1595 2708 exempla
1612 2657 1726 2703 sunt,

385 2736 532 2773 auctor
576 2735 638 2772 est
682 2732 860 2772 Plautus
902 2730 1243 2773 inneruolaria:
1299 2732 1516 2772 «ocissime
1555 2744 1633 2771 nos
1677 2731 1724 2771 li-
