2072 3222
328 122 376 162 4⁴1
388 124 411 162 2
475 135 531 164 QU.
548 135 629 159 XIII.
643 132 686 158 99.
757 133 878 161 FESTI
892 134 1047 161 FRAGM.
1063 133 1088 159 E
1104 134 1196 161 COD.
1213 134 1335 161 FARN.
1350 134 1388 161 L.
1404 133 1521 161 XVIII.
1657 132 1686 156 P·
1702 130 1756 156 293
1768 132 1807 156 M·

469 250 657 304 quidem,
720 253 768 291 ut
828 250 984 302 vulgus
1047 249 1262 303 opinatur,
1326 262 1448 290 sacra
1510 249 1736 302 appellan-

468 327 523 367 da
585 329 649 367 est
711 340 735 367 a
796 326 913 379 regia
974 325 1028 367 ad
1083 326 1262 366 domum
1304 325 1430 377 Regis
1492 324 1736 373 sacrificuli,

467 402 542 444 sed
600 403 730 444 etiam
785 416 810 443 a
861 403 987 455 Regis
1046 402 1175 443 domo
1227 402 1282 443 ab
1339 402 1548 442 sacellum
1627 400 1736 442 Sire-

467 481 564 528 niae,
590 482 631 521 et
652 493 779 520 rusus
814 492 838 519 a
860 479 977 532 regia
1011 492 1150 532 usque
1183 480 1230 518 in
1255 492 1410 519 arcem.
1443 483 1557 525 nec†
1592 478 1736 531 appel-

345 575 359 597 5
467 557 546 598 lari
608 556 760 597 debere
844 557 903 596 ait
970 555 1159 604 Verrius,
1222 554 1365 595 seddis
1446 555 1608 605 iuncte,
1692 557 1739 594 ut

467 636 628 684 ceteras
711 633 802 673 vias
884 632 1164 680 Flaminiam,
1235 631 1435 684 Appiam,
1518 631 1736 671 Latinam.

467 713 514 750 ut
556 723 611 750 ne
662 709 831 750 Novam
875 710 992 749 viam
1036 708 1227 761 quidem,
1283 707 1357 748 sed
1400 707 1565 749 Novam
1607 707 1736 748 viam.

468 785 487 841 ΙΙ
502 786 617 827 Soita
671 786 818 839 plebei
876 785 1156 839 appellantur
1210 798 1272 834 ea,
1332 797 1427 837 quae
1481 785 1605 837 pleps
1660 798 1738 824 suo

467 861 672 914 suffragio
749 862 841 903 sine
914 862 1110 914 patribus
1182 861 1321 910 iussit,
1397 860 1569 913 plebeio
1647 874 1736 900 ma-

329 953 361 976 10
467 940 648 992 gistratu
731 940 926 991 rogante.
1110 935 1129 992 ΙΙ
1144 936 1413 978 Solitaurilia
1494 936 1738 978 hostiarum

467 1016 601 1056 trium
699 1014 853 1055 diversi
946 1014 1115 1067 generis
1211 1014 1561 1054 immolationem
1658 1014 1736 1065 sig-

468 1093 661 1141 nificant,
794 1092 921 1139 tauri,
1057 1092 1226 1144 ametis,
1362 1091 1496 1132 verris
1624 1090 1737 1143 quod

468 1183 618 1211 omnes
694 1184 751 1210 eae
828 1168 968 1218 solidi,
1045 1168 1288 1221 integrique
1362 1169 1449 1208 sint
1522 1166 1736 1221 corporis;

468 1248 618 1286 contra
677 1247 740 1286 aci
806 1279 813 1286 .
879 1251 929 1291 .†
989 1244 1178 1285 verbices
1236 1245 1415 1286 maiales
1473 1245 1577 1298 qui†
1637 1244 1739 1297 quia

327 1342 359 1366 15
468 1322 629 1362 sollum
727 1321 831 1362 Osce
926 1323 1065 1361 totum
1176 1324 1217 1362 et
1311 1320 1487 1361 soldum
1576 1320 1735 1373 signifi-

469 1402 548 1439 cat.
613 1398 727 1438 unde
789 1398 877 1439 tela
938 1398 1137 1450 qua’dam
1201 1397 1297 1438 solii
1359 1397 1517 1443 sertim
1581 1409 1735 1436 vocan-

467 1478 538 1516 tur
601 1477 689 1516 tota
764 1475 916 1523 ferrea,
979 1478 1020 1514 et
1083 1474 1213 1515 homo
1289 1475 1503 1514 bonarum
1579 1473 1737 1513 artium

468 1551 634 1600 sollers,
699 1553 739 1591 et
810 1564 903 1603 qua}
967 1550 1093 1590 nulla
1156 1553 1278 1603 parte
1341 1551 1484 1590 laxata
1547 1561 1737 1600 cavaque

469 1630 583 1676 sunt,
659 1627 800 1667 solida
861 1626 1162 1667 nominantur.
1228 1628 1358 1679 atque
1421 1625 1577 1666 harum
1641 1624 1736 1665 hos-

327 1720 361 1744 20
467 1705 624 1745 tiarum
746 1703 945 1743 omnium
1068 1702 1267 1743 inviolati
1389 1704 1491 1742 sunt
1610 1700 1736 1750 tauri,

469 1794 563 1833 quae
606 1793 706 1832 pars
750 1779 914 1820 scilicet
957 1778 1173 1818 creditur⁴L
1230 1779 1274 1818 in
1319 1778 1591 1818 castratione.
1636 1781 1738 1817 sunt

469 1856 642 1909 quidem
684 1856 757 1909 qui
800 1857 1019 1908 portent†·‚
1063 1869 1112 1895 ex
1154 1854 1292 1895 tribus
1331 1854 1483 1895 hostiis
1521 1854 1737 1906 praecipue

469 1947 632 1973 nomen
696 1933 912 1972 inclusum
987 1944 1085 1971 cum
1149 1931 1286 1971 solido
1363 1931 1572 1983 taurique,
1646 1942 1735 1969 am-

468 2010 665 2063 plissima
743 2010 798 2048 sit
875 2021 1039 2048 earum.
1116 2007 1293 2061 quidam
1368 2007 1569 2048 dixerunt
1646 2019 1735 2046 om-

327 2109 360 2133 25
468 2086 591 2126 nium
666 2087 798 2125 trium
873 2084 1085 2125 vocabula
1161 2084 1375 2132 confixa&
1454 2084 1553 2130 suis,
1633 2082 1736 2132 ovis,

467 2164 594 2212 tauri,
656 2161 917 2202 adeffecisse.
992 2161 1035 2201 id
1109 2160 1224 2213 quod
1298 2174 1385 2200 uno
1460 2159 1591 2200 modo
1666 2172 1736 2211 ap-

467 2239 737 2291 pellarentur
796 2239 1021 2278 universae.
1079 2236 1193 2290 quod
1236 2239 1271 2277 si
1316 2251 1340 2278 a
1382 2236 1503 2285 solio,
1563 2238 1603 2276 et
1645 2238 1735 2275 tau-

468 2316 526 2355 ris
581 2329 729 2356 earum
785 2314 1027 2355 hostiarum
1084 2313 1263 2354 ductum
1307 2316 1370 2354 est
1411 2326 1573 2353 nomen
1627 2311 1735 2352 anti-

469 2406 562 2445 quae
647 2389 986 2438 consuetudinis,
1069 2403 1146 2442 per
1228 2403 1363 2430 unum
1450 2388 1483 2428 L
1567 2388 1734 2428 enunti—

327 2484 363 2508 30
468 2468 531 2508 ari
593 2481 682 2507 non
752 2470 815 2507 est
877 2467 1047 2514 mirum,
1127 2466 1230 2519 quia
1291 2466 1415 2506 nulla
1491 2468 1593 2505 tunc
1666 2478 1734 2517 ge-

469 2544 717 2584 minabatur
818 2543 965 2583 littera
1079 2543 1125 2581 in
1242 2541 1488 2582 scribendo.
1606 2554 1735 2594 quam

468 2620 830 2661 consuetudinem
954 2618 1125 2658 Ennius
1248 2618 1485 2659 mutavisse
1588 2618 1735 2666 fertur,

469 2699 516 2737 ut
571 2700 671 2749 pote
731 2695 892 2747 Grecus
951 2694 1088 2736 Greco
1147 2708 1263 2736 more
1321 2708 1438 2743 usus,
1499 2693 1614 2746 quod
1672 2694 1735 2733 illi

470 2786 589 2825 aeque
686 2773 921 2812 scribentes
1020 2784 1067 2811 ac
1160 2771 1354 2823 legentes
1452 2769 1736 2823 duplicabant
