2072 3222
281 140 365 182 504
431 153 489 182 QU.
505 152 564 176 XV·
580 150 622 175 14.
668 152 790 179 FESTI
805 152 961 180 FRAGM.
976 151 1003 178 Ε
1019 151 1111 180 con.
1127 152 1249 180 ΜΒΝ.
1265 152 1303 180 L.
1319 152 1456 180 xvim.
1608 152 1639 177 P.
1655 150 1708 176 339
1721 152 1751 176 M

350 268 625 321 transalpina
646 267 818 319 regione
870 298 1760 311 .............

348 344 524 386 zenol'C
546 350 563 392 Τ
595 345 746 398 postea
768 343 881 385 Seno
945 376 1322 385 ......
1388 342 1406 399 ΙΙ
1451 341 1761 402 Septentriones

349 423 516 474 septem
538 420 672 461 stellae
696 417 844 474 appell
935 451 1756 461 ............

351 497 433 538 bus
457 497 629 544 iunetis,
653 510 761 550 quos
783 495 864 538 trio
939 528 1759 538 ............

295 593 312 616 5
348 574 583 628 appellent,
608 573 724 627 quod
745 573 823 614 iun
867 605 1759 615 .............

277 970 313 994 lU

278 1360 312 1384 15

276 1739 312 1763 20

275 2130 310 2154 25

278 2506 313 2531 30

348 651 472 705 quasi
492 650 718 691 terriones,
794 680 1760 691 ..............

351 727 468 781 quod
490 726 534 767 id
557 729 723 767 astrum
746 724 843 767 Grae
863 760 872 767 ,
938 758 945 766 .
1013 757 1683 768 ..........

348 806 517 858 partem
544 802 763 857 quandam
856 833 1380 844 ........

348 881 545 922 Ennius:
574 880 787 934 «Superat
862 912 1758 922 .............

348 960 390 1000 et
410 957 579 1012 physici
602 971 702 999 eum
726 963 777 997 ssi
866 989 1759 998 .............

348 1037 505 1076 conten
530 1068 539 1076 .
564 1067 574 1076 .
599 1065 608 1074 .
642 1037 760 1090 temp
791 1065 1759 1075 ..............

349 1113 485 1161 aiunt,
508 1111 624 1165 quod
645 1112 707 1152 ita
729 1113 830 1151 sunt
865 1142 1759 1151 .............

348 1191 396 1229 ut
417 1190 552 1229 terna}
574 1187 796 1241 proximae
869 1218 1759 1228 .............

347 1267 535 1318 trigona.
599 1261 617 1318 ΙΙ
632 1263 815 1305 Seensas
864 1295 1167 1304 .....
1235 1297 1241 1303 .
1309 1296 1317 1304 .
1385 1295 1759 1304 ......

347 1356 466 1384 nune
489 1355 630 1384 cenas,
656 1354 751 1394 quae
774 1342 920 1382 autem
1012 1373 1019 1380 .
1087 1372 1759 1382 ..........

347 1419 587 1468 habebant,
611 1421 653 1460 et
674 1431 752 1471 pro
777 1417 874 1459 ceni
940 1449 1758 1458 ............

349 1494 368 1551 ΙΙ
387 1495 535 1549 Signa,
558 1497 605 1536 ut
626 1508 786 1544 rerum,
808 1494 867 1535 ita
909 1508 929 1535 c
1007 1526 1383 1535 ......

350 1575 425 1614 aut
447 1572 628 1626 lapides,
653 1574 728 1613 aut
748 1570 777 1611 fi
860 1602 1459 1612 .........

349 1649 490 1691 adhue
513 1649 661 1702 aliqua
684 1652 724 1690 et
787 1679 1756 1690 ..............

346 1729 505 1780 pantur
527 1728 671 1766 etiam.
696 1725 770 1767 sed
790 1739 847 1778 po
937 1755 1755 1766 ............

346 1802 578 1843 simulacra
620 1799 795 1853 adesfigz‘
868 1833 1467 1842 .........
1502 1797 1520 1855 ΙΙ
1546 1797 1759 1856 Sequester

347 1879 381 1919 is
404 1878 571 1928 dieitur,
597 1879 670 1932 qui
691 1878 802 1918 inter
824 1877 991 1931 aliquos
1081 1909 1679 1918 .........

346 1955 460 1996 inter
483 1968 553 1995 eos
577 1954 831 1996 convenerit
865 1984 1756 1995 .............

347 2031 462 2085 quid,
485 2035 534 2072 ut
556 2033 594 2072 ei
616 2031 781 2082 reddat,
806 2031 911 2083 (ΝΗ
934 2030 978 2071 id
1011 2064 1020 2072 .
1089 2061 1755 2072 ..........

347 2108 516 2150 stiterit.
536 2108 640 2150 Cato
664 2110 709 2148 in
733 2121 784 2149 ea
806 2121 881 2148 ora
934 2138 1460 2148 ........

348 2185 399 2227 de
422 2184 680 2238 Indigitibus
697 2201 704 2225 ¹.
734 2183 919 2225 «Sinunt
1011 2214 1755 2224 ...........

346 2265 394 2303 ut
414 2262 532 2302 bona
553 2261 749 2314 rapiant3
775 2262 848 2301 aut
938 2290 1756 2301 ............

347 2351 500 2391 seques
522 2337 722 2390 prodent.
742 2342 785 2383 †»
816 2338 858 2376 et
879 2336 958 2376 Pla
1011 2366 1755 2376 ...........

347 2414 406 2454 sie
429 2416 650 2467 sequestro
674 2412 781 2453 mihi
804 2413 904 2453 data
937 2444 1533 2454 .........
1581 2408 1599 2465 ΙΙ
1622 2408 1755 2467 δερα-

347 2489 519 2530 lehrum
543 2491 617 2537 est,
637 2491 683 2528 ut
705 2488 764 2529 ait
788 2487 942 2529 Gallus
965 2489 1043 2529 Ael
1161 2519 1754 2528 .........

348 2568 549 2607 mortuus
572 2566 767 2618 sepultus
790 2570 866 2615 est,
890 2565 1004 2618 quod
1027 2563 1121 2606 anti
1158 2593 1754 2606 .........

348 2642 512 2683 labant.
536 2642 724 2695 hisque†
752 2642 902 2695 cippis,
925 2644 1001 2682 aut
1026 2641 1083 2682 ali
1159 2673 1167 2682 .
1231 2673 1240 2681 .
1304 2671 1312 2680 .
1380 2671 1754 2680 ......

348 2718 411 2758 tui
435 2731 563 2759 eausa
586 2717 834 2769 designatus
858 2721 932 2765 est,
956 2719 1070 2758 intra
1159 2746 1754 2757 .........

348 2795 526 2846 pultura
549 2797 613 2835 est
634 2794 759 2835 faeta.
824 2792 842 2848 ΙΙ
858 2793 1051 2846 Segnitia
1084 2824 1754 2834 ..........
