2072 3222
316 161 396 201 156
461 173 517 202 Qu.
534 173 584 196 1x.
599 170 624 197 ς»,
731 172 851 199 FESTI
867 171 1023 198 FRAGM.
1039 171 1064 196 E
1080 170 1171 198 oon.
1188 170 1310 197 FARN.
1327 169 1460 197 L.x111.
1638 169 1667 192 P.
1688 167 1731 192 161
1748 169 1786 194 Μ.

382 291 522 331 Vestae
556 289 600 330 in
634 302 753 342 penu
787 287 1008 336 exteriore,
1038 300 1197 340 aquam
1244 287 1402 339 iugem,
1453 287 1521 326 vel
1555 286 1794 339 quamlibet

382 369 671 420 praeterquam
719 378 812 418 quae
860 378 937 417 per
992 363 1163 405 fistulas
1198 365 1326 411 venit,
1352 363 1513 403 addent
1526 368 1555 411 †‚
1591 365 1721 416 atque
1745 376 1794 403 ea

384 443 560 483 demum
607 443 653 482 in
702 440 920 482 sacrificiis
968 442 1165 481 utuntur.
1343 437 1569 495 {lMortuae
1614 439 1792 493 pecudis

383 519 497 560 corio
549 519 726 568 calceos,
782 520 856 559 aut
910 518 1053 558 soleas
1108 517 1199 557 fieri
1253 516 1506 557 Flaminicis
1552 516 1675 557 nefas
1717 516 1792 556 ha-

332 616 345 639 5
383 596 508 637 betur
525 595 599 636 sed
617 597 692 635 aut
714 595 862 635 ocoisae
885 594 970 635 alio
988 595 1061 647 qui
1076 600 1093 642 ’γ
1108 596 1182 634 aut
1218 593 1450 642 inmolatae,
1479 594 1688 645 quoniam
1717 606 1795 633 sua

315 990 348 1014 10

314 1762 349 1785 2ss

320 2526 355 2550 30

384 675 521 714 morte
584 672 771 713 extincta
832 672 978 712 omnia
1039 671 1210 711 funesta
1271 672 1386 711 sunt.
1543 667 1561 725 ΙΙ
1596 670 1665 710 Μ6
1716 683 1794 723 pro

384 749 491 790 mihi
550 749 753 789 dicebant
814 748 996 801 antiqui,
1056 749 1104 788 ut
1162 748 1345 797 Ennius,
1405 760 1503 786 eum
1551 746 1611 787 ait
1654 747 1702 787 L.
1740 746 1792 786 Π.

391 825 460 867 «Si
495 825 598 878 quid
636 839 704 865 me
739 825 871 865 fuerit
904 824 1173 872 humanitus,
1219 825 1318 871 uti†
1353 824 1577 864 teneatis.»
1606 825 1647 863 et
1668 822 1792 863 Luci-

383 903 491 943 lius:
532 902 680 942 «Nune
719 901 772 941 ad
810 903 850 941 te
888 901 1031 948 redeo,
1093 902 1140 940 ut
1188 914 1283 953 quae
1341 915 1408 941 res
1442 914 1511 941 me
1558 899 1796 953 impendet,

385 981 560 1031 agatur»
573 1010 581 1018 .
593 976 610 1032 ΙΙ
620 978 843 1017 Minorum
857 976 1116 1031 pontificum
1132 978 1348 1016 maximus
1363 976 1531 1023 dicitur,
1542 976 1617 1029 qui
1629 977 1794 1029 primus

384 1057 430 1095 in
463 1055 505 1095 id
539 1055 768 1107 collegium
802 1056 940 1094 venit:
988 1053 1092 1094 item
1138 1053 1362 1102 minimus,
1403 1051 1475 1106 qui
1518 1052 1794 1093 novissimus.

386 1129 625 1186 ssMalevoli
663 1130 867 1171 Mercurii
908 1130 1081 1182 signum
1123 1132 1215 1171 erat
1256 1130 1451 1183 proxime
1487 1129 1669 1177 Ianum;
1722 1129 1797 1182 qui

385 1211 490 1249 item
512 1213 529 1255 {-
598 1209 689 1249 erat
761 1209 807 1248 in
881 1206 1092 1247 Turdellis
1154 1207 1199 1247 Μ
1247 1238 1256 1247 .
1306 1237 1315 1245 .
1364 1219 1425 1253 os,
1786 1237 1796 1246 .

758 1283 1077 1338 appellabatur.
1160 1282 1361 1324 Malevoli
1438 1285 1598 1334 autem,
1682 1281 1796 1336 quod

334 1383 348 1405 5
382 1363 429 1402 in
474 1361 639 1402 nullius
683 1360 910 1401 tabernam
954 1359 1188 1413 spectabat.
1283 1356 1301 1414 ΙΙ
1324 1359 1582 1400 Malluvium
1626 1358 1797 1406 latum†

384 1439 463 1486 in†
498 1437 862 1479 commentarium
891 1449 1110 1477 sacrorum
1134 1434 1350 1488 signifieat
1372 1449 1529 1476 manus
1568 1435 1642 1489 qui
1663 1436 1796 1486 lavet,

386 1529 411 1556 a
446 1528 530 1568 quo
564 1515 779 1556 malluviae
816 1513 1033 1561 dicuntur,
1088 1512 1244 1565 quibus
1291 1525 1450 1552 manus
1507 1514 1611 1552 sunt
1663 1512 1794 1553 lautae

384 1590 577 1645 perinde,
613 1592 661 1630 ut
690 1589 848 1643 quibus
882 1589 1025 1642 pedes,
1070 1587 1284 1642 pelluviae.
1371 1584 1389 1643 ΙΙ
1413 1588 1654 1628 Maximum
1683 1588 1794 1628 Prae—

385 1671 522 1708 torem
565 1666 649 1707 diei
690 1667 850 1720 putant
890 1666 947 1706 ali
991 1679 1105 1714 eum,
1149 1666 1223 1718 qui
1275 1665 1452 1705 maximi
1504 1664 1662 1718 imperi
1714 1665 1791 1715 sit;

384 1744 455 1793 ali,
490 1743 622 1796 quia†
656 1743 795 1784 aetatis
829 1741 1043 1783 maximoe.
1079 1754 1158 1795 pro
1194 1741 1374 1794 collegio
1423 1741 1598 1794 quidem
1652 1743 1794 1795 Augu-

386 1834 483 1860 rum
528 1820 749 1861 decretum
795 1822 870 1869 est,
919 1818 1034 1872 quod
1076 1818 1120 1858 in
1172 1817 1334 1858 Salutis
1368 1820 1550 1871 augurio
1585 1818 1795 1859 Praetores

387 1896 574 1938 maiores
611 1899 651 1937 et
687 1896 880 1936 minores
918 1895 1210 1948 appellantur,
1248 1908 1338 1935 non
1393 1895 1446 1934 ad
1489 1897 1672 1943 aetatem,
1723 1895 1797 1936 sed

387 1973 441 2014 ad
486 1973 573 2013 vim
620 1972 791 2026 imperii
838 1972 1066 2025 pertinere.
1241 1968 1259 2026 ΙΙ
1283 1970 1437 2012 Mortis
1485 1985 1616 2012 causa
1665 1972 1795 2025 stipu-

386 2050 489 2090 latio
567 2049 837 2089 existimatur
909 2047 1014 2097 fieri,
1092 2051 1139 2089 ut
1215 2048 1275 2088 ait
1348 2047 1562 2088 Antistius
1635 2048 1795 2097 Labeo,

340 2152 351 2174 5
387 2140 480 2180 quae
554 2127 616 2166 ita
688 2125 748 2175 fit,
811 2127 858 2165 ut
931 2127 1069 2165 morte
1154 2125 1428 2178 promissoris
1502 2124 1798 2175 confirmetur,

391 2204 479 2252 aut,
542 2204 590 2243 ut
652 2201 829 2255 quidam
892 2201 1104 2251 dixerunt,
1161 2201 1284 2242 ouius
1333 2201 1626 2254 stipulationis
1680 2216 1797 2242 mors

391 2280 472 2320 fuit
545 2293 688 2320 causa.
812 2275 830 2333 ΙΙ
853 2279 968 2318 Mars
999 2294 1007 2301 ·
1043 2277 1179 2331 pediS‚
1255 2278 1343 2319 sive
1419 2278 1511 2318 sine
1574 2292 1594 2318 r
1655 2278 1798 2319 littera

392 2370 485 2397 mas
521 2375 529 2383 ·
565 2356 702 2409 pedis,
736 2354 1013 2408 inprecatioie
1034 2359 1052 2400 †
1088 2357 1217 2395 sesita
1239 2355 1422 2396 uallium
1444 2358 1461 2397 1
1488 2355 1603 2408 quod
1623 2358 1639 2399 i
1666 2355 1795 2408 signi-

392 2432 501 2481 ficet,
564 2445 618 2472 ne
681 2432 884 2472 Messalia
909 2437 926 2478 †
989 2431 1164 2483 quidem
1214 2433 1364 2484 Augur
1423 2433 1469 2471 in
1532 2431 1796 2484 explanatio-

390 2522 444 2549 ne
565 2509 847 2561 auguriorum
965 2509 1155 2561 reperire
1266 2522 1310 2548 se
1421 2509 1613 2561 potuisse
1725 2509 1797 2550 ait.

392 2582 636 2639 flMaiorem
671 2586 896 2625 consulem
930 2584 976 2625 L.
1003 2583 1146 2625 Gaesar
1179 2587 1304 2638 putat
1338 2585 1421 2625 diei
1471 2585 1539 2625 vel
1578 2599 1689 2634 eum,
1724 2599 1797 2639 pe-

393 2675 469 2702 nes
514 2675 642 2714 quem
686 2662 821 2702 fasces
867 2661 966 2710 sint,
1010 2661 1079 2701 vel
1126 2675 1239 2710 eum,
1285 2664 1359 2714 qui
1403 2663 1523 2715 prior
1558 2662 1696 2702 faetus
1729 2664 1797 2703 sit.

395 2736 627 2777 Praetorem
687 2738 832 2777 autem
886 2738 1112 2786 maiorem,
1157 2737 1410 2778 Urbanum:
1476 2739 1667 2778 minores
1733 2752 1796 2779 oe-
