2072 3222
317 134 401 177 37ss
466 150 523 186 QU.
540 149 620 177 xm.
640 148 680 177 11.
731 147 853 175 FESTI
869 149 1026 177 FRAGM.
1042 150 1067 176 E
1082 148 1173 175 ool».
1189 148 1313 175 FARN.
1330 149 1367 175 L.
1384 149 1484 175 xvn.
1635 149 1665 173 Ρ.
1688 146 1739 172 274
1759 148 1796 173 M.

314 977 392 1000 10.

316 1742 350 1765 24*
388 1759 395 1765 .

386 344 778 402 HRauduseulsma
830 379 838 388 .
903 378 911 386 .
977 378 984 385 .
1051 377 1059 386 .
1124 377 1133 386 .
1200 378 1208 383 .
1275 378 1280 382 .
1346 375 1354 383 .
1420 376 1428 384 .
1493 376 1501 383 .
1567 374 1576 382 .
1642 375 1649 382 .
1745 339 1800 382 od

1717 430 1799 458 aere

1572 528 1580 536 .
1642 496 1798 541 tatum,

1653 570 1799 623 ncipa-

1639 680 1648 689 .
1702 660 1746 688 se
1770 646 1802 686 li

1666 737 1802 777 genus

1641 834 1649 841 .
1684 800 1801 841 enim

1586 892 1629 927 u,
1673 880 1802 931 atque

1676 966 1803 994 vene-

1643 1032 1725 1071 ius.
1745 1030 1802 1070 M.

1714 1108 1803 1148 erio

755 1186 971 1244 ”Basores
1035 1221 1043 1228 .
1109 1221 1117 1228 .
1183 1220 1190 1227 .
1258 1219 1265 1227 .
1330 1220 1338 1227 .
1404 1219 1412 1226 .
1477 1218 1485 1226 .
1551 1218 1559 1226 .
1639 1181 1803 1233 labant,

1515 1265 1656 1310 entur,
1703 1261 1805 1316 quia

1669 1338 1803 1379 artifi-

833 1450 841 1458 .
905 1415 1134 1472 HRate'tetm
1202 1450 1209 1456 .
1276 1449 1284 1457 .
1349 1449 1357 1456 .
1423 1447 1431 1455 .
1497 1447 1505 1454 .
1571 1448 1578 1455 .
1624 1414 1802 1467 Tarqui-

1488 1524 1496 1532 .
1539 1494 1580 1532 et
1604 1490 1804 1544 Oppius†

1421 1601 1429 1609 .
1490 1567 1539 1610 in
1578 1581 1642 1617 ΘΟ,
1668 1570 1709 1608 et
1732 1568 1803 1608 tri-

1420 1646 1466 1685 ut
1504 1645 1628 1685 navis
1652 1643 1698 1684 in
1737 1656 1801 1684 as—

1425 1734 1599 1775 quoque
1622 1721 1803 1761 ratitum

1422 1797 1537 1839 ratiti
1572 1797 1802 1844 Antonius,

1440 1876 1621 1915 trientes
1664 1875 1802 1928 putat,

1417 1965 1435 1991 s
1453 1951 1561 1991 assis
1584 1950 1652 1999 sit,
1677 1950 1802 2003 quin-

1357 2027 1482 2067 nulla
1518 2026 1592 2075 sio,
1628 2026 1701 2066 sod
1740 2039 1801 2065 se-

1273 2109 1383 2145 tans.
1420 2117 1499 2144 nee
1538 2102 1618 2143 hac
1657 2116 1701 2142 re
1740 2115 1802 2142 ra-

1273 2213 1280 2222 .
1336 2194 1384 2220 ao
1415 2180 1639 2231 legionum
1664 2193 1802 2221 unam

1294 2256 1499 2311 ignifioat.
1524 2256 1640 2308 quod
1662 2255 1708 2296 hi
1730 2270 1801 2309 pe—

1274 2334 1335 2374 tio
1359 2347 1458 2374 oum
1477 2332 1544 2373 his
1562 2334 1803 2387 putaretur,

1300 2414 1409 2451 sent.
1475 2407 1667 2465 ssRavim
1692 2409 1801 2450 anti-

1123 2487 1328 2528 Plautus:
1371 2485 1479 2527 «Ubi
1513 2485 1549 2526 si
1583 2484 1685 2538 quid
1707 2498 1802 2538 pos-

1053 2579 1137 2605 am.
1175 2565 1330 2605 «Itom:
1361 2561 1800 2616 «expel·iuravi†l1e1·-

1129 2674 1137 2681 .
1183 2638 1261 2681 im.
1289 2642 1330 2680 ot
1353 2639 1399 2680 in
1421 2638 1704 2683 Artemoni†:
1739 2639 1803 2678 «et

1146 2717 1191 2757 in
1233 2715 1609 2769 Hypobolimaeo:
1655 2714 1802 2754 «Prius

1128 2794 1249 2833 ntam
1272 2791 1461 2833 feceris.»
1491 2788 1510 2845 ΙΙ
1530 2791 1665 2831 Batus
1690 2803 1800 2837 sum,
