2072 3222
227 195 332 220 94-95
628 196 683 223 DE.
705 195 1046 223 SIGNIFICATIONE
1064 196 1305 224 VERBORUM.
1650 183 1702 223 67

285 315 429 366 partes
452 314 609 366 putant
642 325 773 365 genas
804 311 900 361 dici,
936 325 1030 364 quae
1053 314 1155 353 sunt
1191 312 1272 352 sub
1297 312 1447 353 oculis.
1492 312 1706 354 Pacuvius

285 396 418 436 genas
440 385 565 436 putat
597 396 703 430 esse,
738 395 824 435 qua
858 382 994 423 barba
1026 384 1218 435 primum
1254 384 1401 431 oritur,
1437 383 1519 424 hoc
1553 397 1704 424 versu:

293 454 439 494 «Nunc
460 455 653 507 primum
677 454 829 506 opacat
853 452 957 494 flore
981 453 1143 506 lanugo
1167 466 1339 505 genas»

229 523 467 566 Gentilis
490 524 647 564 dicitur
668 527 710 565 et
733 538 781 564 ex
805 523 957 564 eodem
980 537 1138 576 genere
1163 528 1296 573 ortus,
1330 527 1371 566 et
1392 526 1441 573 is,
1478 526 1551 577 qui
1574 524 1707 564 simili

285 596 465 635 nomine
501 594 761 647 appellatur,
796 595 844 634 ut
877 594 936 634 ait
971 593 1169 635 Cincius:
1209 593 1424 635 «Gentiles
1447 594 1554 635 mihi
1589 596 1703 642 sunt,
1749 610 1763 633 5

287 666 359 718 qui
381 677 479 706 meo
502 665 680 706 nomine
703 664 1022 719 appellantur.»

230 734 476 776 Genialis
498 735 688 785 lectus,
725 737 799 788 qui
821 735 985 788 nuptiis
1021 736 1225 776 sternitur
1258 736 1302 776 in
1326 736 1540 776 honorem
1577 736 1707 787 genii,

285 806 402 847 unde
426 808 468 847 et
489 806 748 859 appellatus.

229 875 381 917 Gens
403 875 588 923 Aelia†
612 877 871 930 appellatur,
896 890 990 929 (11116
1015 891 1063 917 ex
1086 877 1236 917 multis
1258 877 1434 917 familiis
1468 875 1706 916 conficitur.

229 945 464 987 Gerusia
486 949 605 987 curia
627 947 680 987 ab
704 948 839 988 aetatis
863 947 1077 987 vocabulo
1102 947 1226 988 dicta.
1730 962 1765 985 10

229 1016 472 1058 Genuini
496 1017 705 1068 dentes,
731 1017 846 1071 quod
869 1032 894 1058 a
915 1019 1038 1071 genis
1062 1018 1321 1071 dependent.

229 1086 442 1138 (31661116,
483 1101 567 1140 (1110
607 1087 836 1138 indicatur,
873 1088 975 1141 quid
1009 1091 1194 1142 geratur,
1229 1091 1395 1142 praeter.
1417 1088 1705 1141 participium,

287 1158 399 1210 quod
424 1172 449 1199 a
470 1158 659 1211 gerendo
684 1159 922 1200 deducitur.

229 1227 470 1269 Genium
494 1229 780 1282 appellabant
802 1229 946 1279 deum,
982 1230 1055 1281 qui
1078 1229 1164 1270 vim
1202 1230 1414 1282 optineret
1446 1241 1590 1269 rerum
1615 1241 1705 1268 om-

287 1300 410 1340 nium
434 1300 739 1352 gerendarum.
774 1300 1023 1340 Aufustius:
1052 1299 1287 1347 «Genius»,
1311 1299 1465 1352 inquit,
1497 1302 1584 1339 «est
1607 1298 1704 1340 deo·
1730 1316 1764 1339 15

285 1384 382 1411 rum
405 1371 534 1421 filius,
553 1374 594 1412 et
610 1385 771 1424 parens
786 1371 1030 1421 hominum,
1056 1386 1104 1412 ex
1128 1384 1213 1424 quo
1228 1371 1430 1411 homines
1452 1371 1705 1423 gignuntur.

286 1441 340 1482 Et
362 1444 591 1495 propterea
626 1441 791 1483 Genius
826 1456 950 1482 meus
973 1443 1239 1490 nominatur,
1276 1440 1377 1493 quia
1409 1454 1478 1480 me
1513 1440 1699 1492 genuit»

288 1513 371 1552 Alii
393 1514 571 1564 genium
596 1527 687 1553 esse
711 1516 922 1566 putarunt
944 1513 1288 1564 uniuscuiusque
1313 1512 1397 1553 loci
1421 1511 1564 1551 deum.

230 1581 475 1624 Germen
499 1586 576 1633 est,
612 1583 727 1636 quod
751 1598 799 1625 ex
823 1585 1031 1625 arborum
1067 1584 1251 1624 surculis
1274 1584 1489 1629 nascitur;
1527 1581 1641 1622 unde
1666 1583 1707 1622 et

285 1653 493 1710 firmani,
520 1657 641 1707 quasi
666 1655 817 1696 eadem
841 1656 972 1708 stirpe
995 1656 1142 1708 geniti.
1729 1668 1765 1692 20

231 1722 502 1764 Gemursa
523 1725 602 1765 sub
626 1725 808 1765 minimo
845 1725 977 1777 digito
1000 1725 1123 1778 pedis
1161 1725 1451 1772 tuberculum,
1487 1721 1602 1775 quod
1636 1735 1704 1774 ge-

287 1808 404 1835 mere
426 1795 554 1836 faciat
577 1809 690 1846 eum,
715 1796 788 1848 qui
811 1796 854 1836 id
876 1799 1009 1849 gerat.

231 1864 487 1916 Gingrire
511 1880 715 1908 anserum
748 1869 864 1908 vocis
886 1866 1112 1920 proprium
1137 1870 1211 1907 est.
1252 1865 1376 1907 Unde
1399 1878 1535 1917 genus
1572 1863 1705 1917 quod-

289 1936 387 1977 dam
411 1937 618 1978 tibiarum
643 1937 895 1990 exiguarum
916 1936 1141 1994 [sinqrinw.

231 2005 576 2058 Gingriator*
600 2008 775 2049 tibicen.
1729 2021 1763 2046 25

231 2077 451 2119 Gizeria
474 2092 523 2118 ex
546 2079 697 2120 multis
721 2080 914 2120 obsoniis
939 2079 1152 2132 decerpta.

231 2147 494 2189 Geniales
518 2149 620 2190 deos
645 2149 847 2191 dixerunt
881 2163 1051 2203 aquam,
1087 2152 1261 2197 terram,
1284 2148 1439 2200 ignem,
1469 2160 1622 2186 zerem:
1659 2158 1709 2186 ea

289 2221 405 2260 enim
421 2222 533 2260 sunt
554 2221 722 2261 semina
744 2235 901 2270 rerum,
931 2234 1025 2273 quae
1045 2219 1294 2260 Graecorum
1318 2218 1391 2258 alii
1416 2222 1609 2272 στοιχεῖα,
1634 2216 1709 2256 alii

291 2289 462 2344 ἀτόμους
498 2294 667 2331 vocant.
703 2290 943 2332 Duodecim
969 2304 1140 2343 quoque
1164 2290 1298 2342 signa,
1334 2288 1485 2328 lunam
1510 2289 1550 2327 et
1571 2287 1706 2327 solem

288 2363 399 2402 inter
414 2361 495 2402 hos
515 2361 618 2403 deos
634 2363 955 2415 computabant.
972 2361 1176 2402 Geniales
1189 2362 1334 2401 autem
1352 2358 1452 2399 dicti
1466 2372 1490 2399 a
1504 2357 1706 2411 gerendo,
1730 2375 1765 2399 30

290 2432 389 2484 quia
430 2432 670 2485 plurimum
714 2446 840 2486 posse
874 2433 1157 2486 putabantur,
1200 2443 1308 2483 quos
1352 2431 1503 2482 post-ea
1541 2426 1706 2482 florales*

289 2503 581 2556 appellarunt.

233 2572 451 2613 Gnarus
484 2587 581 2614 cum
616 2574 827 2626 significet
860 2573 918 2623 id,
952 2573 1067 2626 quod
1101 2572 1228 2621 scius,
1264 2571 1440 2624 peritus,
1475 2573 1621 2610 tamen
1644 2570 1706 2610 in—

289 2643 489 2685 venimus
509 2657 720 2700 progynare
743 2644 985 2697 significare
1009 2646 1167 2696 aperte.

234 2712 597 2765 Gnephosum
636 2716 866 2755 obscurum
884 2747 893 2763 ,
932 2713 1133 2754 videlicet
1177 2727 1224 2753 ex
1269 2710 1418 2752 Graeco
1435 2743 1443 2759 ,
1490 2709 1603 2763 quod
1647 2710 1704 2750 esi
1728 2726 1762 2750 35

290 2788 454 2839 κνέφας.

234 2852 392 2902 Gth‘,
417 2856 489 2906 qui
511 2856 723 2895 vocantur
744 2854 896 2895 Matris
919 2854 1087 2906 Magnae
1112 2853 1304 2901 comites,
1331 2851 1431 2893 dieti
1455 2853 1557 2891 sunt
1580 2864 1603 2890 a
1627 2850 1703 2889 flu-

1522 2931 1564 2945 -ψ

1522 2941 1557 2964 -T
