2072 3222
314 131 398 172 298
461 142 641 173 QU.X11.4.
716 145 836 172 FEsTI
851 145 1007 173 FRAGM.
1023 145 1049 171 Ε
1064 146 1159 174 COD.
1173 146 1297 173 FARN.
1313 147 1351 174 L.
1367 147 1449 174 XVI.
1644 147 1676 171 P.
1691 145 1744 170 ⁶234
1757 148 1798 171 M.

382 274 627 312 porcorum,
673 273 770 300 cum
814 273 887 301 eos
925 261 1188 310 castrabant,
1225 275 1250 302 a
1290 262 1503 314 politione
1545 264 1738 315 segetum

384 339 459 377 aut
481 337 856 385 vestimentorum,
891 336 1006 389 quod
1041 336 1242 377 similiter
1264 340 1393 391 atque
1415 339 1494 379 illa
1516 340 1736 379 curentur.

385 410 401 467 ΙΙ
425 413 551 453 Pater
574 412 786 465 patrimus
809 412 1034 453 dicebatur
1056 413 1174 466 apud
1197 414 1413 467 antiquos,
1438 415 1509 467 qui
1532 428 1631 455 cum
1648 417 1738 456 iam

383 490 473 542 ipse
496 492 620 542 pater
642 491 768 538 esset,
792 489 984 530 habebat
1006 489 1137 530 etiam
1160 492 1254 530 tum
1277 492 1460 543 patrem.
1537 489 1554 546 ΙΙ
1578 491 1736 532 Portis-

333 581 347 603 5
383 566 506 605 culus
551 569 628 614 est,
670 568 718 606 ut
761 565 909 606 scribit
950 565 1099 606 Aelius
1143 565 1262 616 Stilo,
1298 568 1372 620 qui
1404 567 1449 607 in
1480 571 1608 620 portu
1646 582 1737 609 mo-

383 643 488 682 dum
522 642 596 682 dat
629 642 766 683 classi.
801 642 844 682 id
878 645 1025 683 autem
1061 644 1125 683 est
1159 643 1345 683 malleus
1385 644 1506 684 cuius
1536 644 1739 684 meminit

384 718 488 759 Cato
532 720 576 759 in
620 718 891 760 dissuasione
946 719 996 760 de
1049 733 1146 769 rege
1199 720 1343 760 Atialo
1388 726 1419 767 1,
1465 723 1506 761 61
1549 721 1734 772 vectiga-

381 795 496 835 libus
537 795 691 836 Asiae:
751 794 820 835 «C.
859 795 1025 836 Licinio
1064 795 1148 836 PR.
1199 798 1384 848 remiges
1437 796 1584 837 scribti
1625 797 1738 837 cives

381 871 593 911 Romanis
637 877 654 918 1
691 871 771 911 sub
808 873 1120 924 portisculum,
1166 872 1245 912 sub
1288 872 1474 925 flagrum
1518 872 1736 913 conscrib-

312 969 347 992 10
380 948 411 988 ti
435 948 607 988 veniere
639 948 843 1000 passim.»
972 946 989 1003 ΙΙ
1012 948 1095 989 Ρ10
1130 949 1321 1002 scapulis
1356 963 1455 989 cum
1491 948 1594 990 dicit
1616 948 1735 999 Cato,

383 1024 599 1077 significat
649 1038 726 1077 pro
779 1024 941 1065 iniuria
992 1025 1232 1065 verberum.
1316 1039 1420 1065 nam
1505 1025 1737 1079 conplures

383 1102 498 1153 leges
552 1104 675 1142 erant
726 1102 773 1141 in
827 1102 938 1142 cives
990 1104 1192 1154 rogatae,
1247 1102 1403 1154 quibus
1463 1102 1740 1143 sanciebatur

383 1191 525 1230 poena
562 1178 807 1218 verberum.
847 1177 912 1217 his
951 1178 1161 1231 significat
1195 1179 1406 1231 prohibus
1441 1192 1485 1219 se
1521 1185 1538 1225 1
1573 1179 1738 1220 multos

382 1268 484 1295 suos
552 1254 654 1295 civis
709 1256 753 1294 in
807 1269 857 1296 ea
909 1255 1120 1304 oratione,
1186 1270 1294 1308 quae
1360 1259 1424 1296 est
1477 1258 1629 1296 contra
1681 1256 1737 1296 M.

314 1347 346 1370 15
383 1331 575 1372 Caelium
593 1348 600 1371 :
623 1334 681 1372 «si
697 1346 766 1372 em
780 1332 988 1384 percussi,
1003 1345 1131 1385 saepe
1148 1332 1380 1372 incolumis
1399 1332 1499 1372 abii.
1513 1334 1741 1386 praeterea

382 1422 456 1461 pre
481 1414 497 1455 1
519 1422 608 1462 rep.
632 1422 711 1461 pro
735 1408 922 1462 scapulis
945 1411 1074 1461 atque
1098 1410 1265 1450 aerario
1287 1410 1477 1450 multum
1499 1410 1548 1450 R.
1573 1408 1619 1449 P.
1643 1422 1737 1462 pro-

382 1485 500 1525 fuit.»
540 1482 559 1539 ΙΙ
583 1485 817 1526 Primanus
842 1485 1045 1526 tribunus
1068 1485 1183 1538 apud
1209 1484 1421 1526 Catonem
1440 1491 1457 1529 1
1475 1486 1518 1525 in
1544 1499 1606 1534 ea,
1629 1498 1740 1538 quae

383 1564 446 1602 est
469 1564 620 1603 contra
643 1561 880 1602 Thermum
905 1561 955 1601 de
979 1563 1069 1602 suis
1092 1562 1350 1602 virtutibus:
1381 1561 1535 1602 «Aliud
1554 1564 1619 1602 est
1640 1575 1737 1615 pro·

384 1651 547 1691 perare,
583 1637 704 1678 aliud
738 1639 957 1680 festinare.
998 1640 1070 1691 qui
1094 1653 1233 1679 unum
1257 1639 1485 1692 quidque†
1512 1641 1683 1689 mature
1720 1643 1738 1685 †

313 1736 348 1759 20
383 1715 596 1766 transigit,
651 1715 698 1756 11
749 1718 979 1768 properat:
1047 1716 1122 1768 qui
1188 1716 1329 1756 multa
1391 1715 1522 1755 simul
1587 1715 1742 1768 incipit

383 1804 524 1844 neque
558 1792 737 1844 perficit,
774 1794 824 1839 11
863 1792 1080 1833 festinat.»
1141 1790 1158 1848 ΙΙ
1181 1793 1360 1833 Prorsus
1402 1806 1530 1846 porro
1574 1804 1740 1840 vorsus,

384 1868 467 1907 nisi
519 1867 628 1908 forte
681 1881 729 1908 ex
782 1867 947 1910 Graeco
1010 1874 1131 1922 προ.1
1193 1868 1297 1909 Cato
1360 1868 1411 1908 de
1473 1868 1740 1908 feneratione

384 1944 490 1996 legis
531 1944 705 1985 Iuniae:
754 1944 974 1986 «Camerni
1011 1950 1027 1991 1
1068 1945 1180 1985 cives
1223 1946 1360 1985 nostri
1397 1944 1606 1998 oppidum
1642 1944 1739 1996 pul-

384 2020 535 2061 chrum
599 2021 816 2068 habuere,
884 2035 1037 2074 agrum
1089 2022 1303 2074 optimum
1356 2023 1487 2074 atque
1540 2019 1738 2074 pulcher-

314 2113 349 2137 25
384 2097 559 2146 rimum,
612 2111 705 2138 rem
758 2098 1169 2138 fortunatissimam.
1223 2111 1323 2137 cum
1366 2098 1554 2138 Romam
1596 2096 1739 2136 venie-

385 2174 501 2221 bant,
545 2187 721 2226 prorsus
757 2173 1092 2215 devertebantur
1126 2188 1204 2227 pro
1248 2174 1492 2227 hospitibus
1535 2172 1589 2213 ad
1633 2173 1738 2212 ami-

385 2264 456 2290 cos
479 2264 618 2291 suos.»
747 2248 765 2305 ΙΙ
790 2251 1023 2292 Prohibere
1059 2251 1247 2300 comitia,
1273 2251 1428 2292 dicitur
1450 2250 1602 2292 vitiare
1626 2249 1742 2289 diem

387 2327 549 2374 morbo,
587 2329 659 2379 qui
692 2327 822 2377 vulgo
858 2327 1033 2380 quidem
1067 2327 1245 2377 maiore,
1271 2332 1288 2373 1
1313 2330 1502 2367 ceterum
1536 2326 1589 2366 ob
1614 2325 1656 2365 id
1678 2326 1740 2377 ip-

385 2417 480 2443 sum
549 2404 781 2444 comitialis
835 2404 1094 2457 appellatur.
1190 2403 1294 2445 Cato
1361 2404 1406 2444 in
1469 2417 1520 2443 ea
1582 2403 1738 2443 oratio-

314 2496 350 2521 311
385 2493 455 2528 ne,
501 2494 631 2533 quam
675 2480 846 2520 scribsit
890 2480 941 2520 de
985 2480 1211 2532 sacrilegio
1253 2486 1266 2526 1
1301 2480 1555 2520 commisso:
1600 2478 1741 2519 «domi

387 2570 485 2596 cum
524 2557 826 2609 auspicamus,
876 2557 1086 2597 honorem
1140 2557 1333 2597 medium
1371 2563 1388 2604 1
1426 2555 1740 2596 immortalium

386 2632 515 2672 velim
568 2632 772 2673 habuisse
817 2634 974 2679 servi.†
1018 2633 1215 2680 ancillae,
1260 2633 1295 2672 si
1339 2633 1431 2685 quis
1475 2645 1624 2672 eorum
1659 2631 1741 2671 sub

388 2711 569 2748 centone
613 2708 792 2761 crepuit,
839 2708 954 2761 quod
997 2722 1074 2761 ego
1117 2722 1207 2749 non
1250 2710 1377 2758 sensi,
1423 2708 1595 2748 nullum
1633 2706 1742 2746 mihi

387 2785 541 2824 vitium
599 2784 713 2824 facit.
781 2785 816 2825 si
879 2784 948 2824 cui
1000 2783 1163 2825 ibidem
1229 2797 1350 2825 servo
1416 2786 1491 2824 aut
1555 2783 1741 2824 ancillae
