2072 3222
298 120 383 161 458
428 133 487 163 Qu.
501 132 576 158 xsv.
593 131 635 159 20.
699 133 822 161 FESTI
837 134 994 162 FRAGM.
1009 134 1035 161 E
1055 134 1148 162 con.
1163 134 1286 162 FARN.
1301 135 1340 163 L.
1355 135 1475 164 xvm.
1613 135 1646 160 P.
1667 133 1720 159 314
1739 134 1780 160 M.

510 262 674 290 nomen
778 248 967 290 inditum
1060 251 1136 298 681,
1231 263 1339 303 quas
1430 250 1639 292 volaticas

510 323 640 367 etiam
717 327 889 366 vocant.
963 325 1111 378 Itaque
1190 326 1334 367 solent
1406 325 1473 366 his
1547 339 1637 367 ver-

509 401 576 442 bis
697 414 768 442 eas
887 401 1021 442 veluti
1153 404 1346 444 avertere
1475 402 1614 444 Graeci
1629 419 1638 444 ε

515 495 528 514 «
539 477 767 519 EI'PPinta
936 477 1227 519 HOMHEIEN
1390 478 1424 519 N
1433 478 1639 520 l‘KTlKo

317 569 331 593 ⁵
507 567 612 595 man
728 553 792 595 ΣΤ
801 537 1150 596 Ρ]ΝΤΑΤὲΑ(1Ν
1256 555 1424 596 oPNlN
1522 555 1635 597 ΑΝΩ

508 630 722 671 ΝΥΜΙΟΝ
816 630 1141 672 ΩΚΥΠΟΡΟΥΣ
1227 631 1317 672 Elll
1413 631 1633 679 NHAQ.»

509 704 527 762 ΙΙ
551 706 790 748 Statuliber
866 709 941 758 681,
1026 709 1100 760 qui
1181 710 1443 750 testamento
1526 712 1640 750 certa

508 783 762 825 condicione
896 784 1119 838 proposita
1251 785 1427 826 iubetur
1547 798 1638 825 esse

506 859 630 901 liber.
676 862 718 901 et
761 861 796 901 si
840 874 918 914 per
961 860 1165 902 heredem
1211 862 1275 901 est
1293 867 1327 912 4,
1375 874 1460 915 quo
1494 861 1639 902 minus

296 946 332 971 10
508 937 735 978 statuliber
886 939 1091 991 praestare
1231 937 1381 991 possit,
1524 938 1639 991 quod

506 1015 713 1067 praestare
846 1013 988 1063 debet,
1122 1014 1409 1055 nihilominus
1530 1015 1641 1055 liber

508 1103 601 1131 6886
675 1090 858 1132 videtur.
994 1088 1013 1146 ΙΙ
1037 1089 1185 1132 Status
1259 1091 1387 1138 (1168ηι
1464 1095 1641 1133 vocatur

511 1167 584 1220 qui
656 1166 787 1208 iudici
865 1181 996 1209 causa
1071 1171 1134 1209 est
1207 1169 1465 1209 constitutus
1541 1182 1639 1209 cum

509 1244 751 1297 peregrino.
827 1243 918 1284 eius
992 1245 1108 1285 enim
1181 1243 1350 1297 generis
1413 1244 1466 1285 ab
1529 1245 1639 1285 anti-

300 1336 332 1359 15
510 1319 606 1373 quis
746 1320 893 1361 hostes
1033 1320 1387 1374 appellabantur,
1527 1319 1641 1373 quod

510 1398 631 1437 erant
691 1396 786 1449 pari
848 1396 941 1438 iure
1006 1410 1104 1437 cum
1167 1397 1331 1451 populo
1388 1399 1452 1444 R„
1510 1400 1640 1451 atque

508 1471 671 1513 hostire
826 1473 1073 1526 ponebatur
1227 1487 1305 1527 pro
1457 1486 1640 1527 aequare.

509 1548 690 1591 Plautus
753 1549 799 1591 in
863 1549 1148 1592 Curculione:
1224 1550 1269 1592 Si
1337 1553 1475 1593 status
1539 1564 1640 1592 con-

509 1624 649 1667 dictus
760 1639 859 1667 cum
971 1626 1093 1668 hoste
1200 1626 1428 1668 intercedit
1535 1626 1641 1676 dies,

297 1724 332 1748 20
507 1704 658 1743 tamen
751 1712 815 1743 est
919 1703 1128 1752 eundum,
1233 1716 1319 1757 quo
1423 1704 1642 1757 imperant

508 1777 726 1831 ingratis.»
920 1776 939 1834 ΙΙ
962 1779 1174 1832 Stagnum
1279 1779 1455 1833 quidam
1558 1779 1642 1821 dici

507 1857 679 1909 putant,
761 1855 877 1909 quod
960 1856 1006 1896 in
1089 1869 1139 1897 eo
1223 1870 1338 1910 aqua
1429 1860 1641 1910 perpetuo

509 1934 603 1974 stet.
658 1932 842 1986 aliquo³s
899 1932 1002 1979 (118ηι
1058 1933 1180 1974 100118
1233 1947 1258 1975 a
1310 1934 1470 1976 Graecis
1535 1949 1639 1975 συει-

508 2013 574 2055 νὸς
593 2014 610 2055 {r
716 2009 884 2058 dicitur,
991 2010 1095 2063 quia
1200 2010 1313 2051 bene
1421 2010 1642 2051 contineat

297 2101 331 2125 25
508 2098 680 2138 aquam.
827 2083 845 2141 ΙΙ
871 2085 1042 2135 Satura,
1117 2089 1159 2128 et
1233 2086 1318 2127 cibi
1391 2099 1528 2139 genus
1592 2100 1640 2128 ex

507 2161 637 2202 variis
729 2161 859 2203 rebus
953 2160 1178 2203 conditum
1272 2166 1348 2214 est,
1441 2165 1482 2204 et
1572 2163 1639 2204 lex

506 2238 599 2285 tis†
681 2238 758 2279 alis
836 2238 1006 2292 legibus
1084 2239 1289 2281 conferta.
1368 2240 1515 2293 itaque
1592 2242 1639 2280 in

508 2314 733 2355 sanctione
970 2315 1117 2367 legum
1354 2315 1612 2357 adscribitur
1629 2331 1638 2356 ε

516 2403 647 2431 «neve
710 2404 787 2444 per
851 2390 1057 2433 Saturam
1121 2392 1348 2444 abrogato,
1424 2395 1498 2434 aut
1570 2392 1638 2434 de-

296 2476 331 2500 30
509 2469 734 2519 rogatot.†
790 2469 990 2515 annius†
1036 2467 1203 2509 Luscus
1257 2469 1301 2508 in
1355 2482 1419 2519 ea,
1465 2475 1635 2522 quam†

508 2555 638 2595 quam
760 2543 865 2584 dixit
989 2543 1198 2585 adversus
1291 2544 1576 2598 Tigracchum
1594 2550 1611 2591 †
1630 2561 1638 2586 :

516 2618 781 2672 «Imperium
864 2620 981 2674 quod
1057 2620 1207 2674 plebes
1282 2635 1360 2674 per
1436 2620 1637 2662 Saturam

509 2694 697 2746 dederat,
761 2696 804 2737 id
865 2697 1124 2750 abrogatum
1187 2699 1264 2738 est.
1274 2712 1289 2734 υ
1357 2700 1399 2739 61
1451 2696 1496 2738 C.
1548 2696 1638 2738 Lae-

507 2771 591 2812 lius
654 2771 700 2812 in
764 2785 827 2822 ea,
891 2786 1023 2826 quam
1076 2786 1154 2826 pro
1206 2786 1249 2813 86
1303 2773 1471 2820 dixit†:
1526 2772 1638 2814 Dein

298 2861 332 2886 85
507 2850 681 2900 postero
746 2848 827 2898 die,
892 2848 1017 2902 quasi
1068 2862 1145 2902 per
1199 2848 1401 2890 Saturam
1464 2851 1636 2891 senten-
