2072 3222
332 147 416 188 306
478 159 535 188 QU.
551 158 616 184 XII.
632 158 658 183 S.
726 160 847 187 FESTI
861 159 1019 187 FRAGM.
1034 159 1060 186 E
1076 160 1169 187 COD.
1185 160 1308 188 FARN.
1324 161 1362 188 L.
1379 161 1462 188 XVI.
1666 162 1696 186 P.
1712 160 1765 186 QSS
1779 162 1819 187 Μ.

402 275 600 317 Sarsinas
684 277 789 324 erat,
865 289 890 316 a
963 275 1127 329 pedum
1208 276 1393 329 planitia
1472 277 1597 318 initio
1660 278 1757 319 Plo-

401 356 483 400 tus,
506 353 659 405 postea
681 353 861 393 Plautus
887 353 1036 405 ceptus
1058 358 1076 400 †
1099 354 1164 393 est
1186 351 1281 394 dici.
1397 351 1415 408 ΙΙ
1438 353 1668 395 Postumus
1693 368 1758 395 00-

401 428 684 481 gnominatur
706 430 805 482 post
829 429 966 481 patris
991 430 1175 469 mortem
1198 431 1343 470 natus.
1659 430 1757 471 Pla-

401 507 503 545 utus
539 505 584 545 in
619 505 871 547 Aulularia:
903 507 1030 547 «Post
1064 506 1254 547 mediam
1279 509 1466 547 aetatem
1490 507 1758 560 (1111111οᾶ1οηι

349 599 363 622 5
399 582 518 622 ducit
538 595 717 623 uxorem
742 582 932 632 domum,
949 583 984 623 si
1001 595 1099 623 eam
1121 582 1241 623 sine³r
1258 596 1421 624 xanum
1441 588 1458 630 †
1475 586 1758 636 praegnatem

401 657 580 698 fortuito
653 657 812 708 fecerit,
883 657 987 711 quid
1040 657 1225 709 dubitas,
1295 658 1400 711 quin
1452 659 1505 698 sit
1556 662 1757 712 paratum

402 734 467 774 his
502 747 665 774 nomen
700 735 846 787 pueris
880 735 1085 776 Postume
1115 737 1191 781 †‘?»
1242 732 1261 789 ΙΙ
1286 735 1453 783 Porcas,
1491 741 1604 788 que³ssr
1646 735 1759 777 inter

401 810 499 850 duci
526 816 544 857 †
572 811 717 851 sulcos
761 810 884 859 fiunt,
929 812 988 852 ait
1025 811 1163 852 Varro
1200 811 1294 860 (1101,
1333 811 1450 865 (111οᾶ
1486 812 1753 865 porrigant†

400 888 683 929 frumentum.
1091 886 1109 943 ΙΙ
1133 888 1350 929 Parmulis
1379 901 1575 941 pugnare
1600 888 1758 929 milites

332 976 366 999 1ο
401 964 520 1004 soliti
592 966 704 1004 sunt.
780 978 967 1018 quarum
1051 978 1180 1005 usum
1253 965 1430 1006 sustulit
1502 965 1545 1007 C.
1627 965 1756 1005 Mari-

401 1054 450 1080 us
474 1039 582 1082 datis
604 1042 651 1080 in
674 1043 812 1081 viceni
837 1055 987 1082 earum
1010 1040 1266 1083 Bruttianis.
1533 1039 1551 1097 ΙΙ
1576 1041 1757 1082 Porcam

401 1130 579 1158 auream
646 1120 687 1158 et
761 1119 1013 1170 argenteam
1083 1117 1166 1158 dici
1235 1118 1295 1157 ait
1362 1117 1516 1171 Capito
1590 1118 1756 1167 Ateius,

402 1205 511 1245 quae
565 1195 607 1234 et
659 1195 694 1234 si
746 1207 929 1235 numero
982 1194 1224 1235 hostiarum
1289 1208 1378 1234 non
1428 1194 1538 1242 sint,
1592 1207 1755 1234 nomen

400 1267 549 1304 tamen
587 1278 737 1304 earum
775 1264 959 1309 habere2
1000 1265 1187 1305 alterum
1216 1270 1232 1311 †
1261 1279 1308 1305 ex
1347 1278 1466 1313 auro,
1507 1264 1693 1305 alterum
1735 1270 1751 1311 †

331 1354 363 1378 15
402 1354 452 1380 ex
533 1343 711 1393 argento
794 1340 956 1382 factam
1049 1340 1245 1382 adhiberi
1339 1340 1547 1382 sacrificio
1641 1340 1753 1381 Ceri-

401 1417 473 1458 ali.
729 1415 747 1472 ΙΙ
771 1417 959 1458 Ρ11101101·
982 1418 1060 1458 bos
1085 1418 1331 1471 appellatur
1353 1417 1407 1458 ad
1431 1418 1636 1458 eximiam
1658 1417 1752 1470 pin-

400 1493 674 1547 guitudinem
698 1493 946 1547 perductus.
1099 1492 1117 1548 ΙΙ
1137 1493 1327 1547 Propudi
1351 1494 1409 1535 ait
1436 1500 1453 1540 †
1480 1507 1637 1547 porcus
1671 1493 1753 1534 dic-

400 1574 468 1611 tus
512 1573 586 1620 est,
626 1573 674 1611 ut
708 1571 767 1611 ait
804 1571 956 1624 Capito
994 1571 1155 1620 Ateius,
1182 1572 1288 1624 quin
1328 1570 1582 1618 jssacrificio
1615 1572 1756 1623 gentis

402 1647 607 1689 Claudiae
670 1648 788 1688 velut
849 1649 1125 1702 plamentum
1184 1654 1201 1695 †
1259 1652 1299 1690 et
1351 1648 1561 1689 exsolutio
1615 1648 1756 1688 omnis

331 1732 367 1756 20
403 1726 648 1766 contractae
686 1725 911 1777 religionis
948 1727 1022 1765 est.
1311 1722 1331 1779 ΙΙ
1370 1724 1554 1765 «Parum
1593 1725 1755 1765 cavisse

402 1801 559 1841 videri»
642 1801 898 1854 pronuntiat
964 1802 1256 1855 magistratus,
1320 1815 1419 1841 cum
1502 1800 1552 1840 de
1616 1801 1755 1841 consi-

401 1878 469 1918 liis
542 1884 558 1925 1
631 1879 849 1919 sententia
918 1879 1070 1931 capitis
1138 1892 1269 1931 quem
1353 1878 1754 1931 condempnaturus

402 1958 477 1996 est.
542 1952 560 2010 Η
583 1955 794 1996 Piscatori
836 1954 928 1995 ludi
953 1957 1163 1995 vocantur
1203 1955 1276 2007 (1111
1307 1954 1557 2008 quodannis
1586 1960 1602 1988 4
1631 1967 1752 1994 men·

402 2046 445 2073 se
507 2032 636 2072 Iunio
709 2033 829 2072 trans
910 2031 1099 2072 Tiberim
1176 2031 1268 2071 fieri
1346 2031 1489 2071 solent
1565 2044 1590 2070 a
1664 2030 1749 2071 PR.

329 2117 364 2142 25
399 2108 574 2150 Urbano
610 2122 688 2161 pro
724 2108 1013 2161 piscatoribus
1049 2107 1285 2156 Tiberinis,
1324 2121 1509 2160 quorum
1548 2110 1754 2160 quaestus

400 2198 491 2225 non
530 2185 575 2224 in
610 2184 847 2225 Macellum
896 2184 1117 2236 pervenit,
1158 2183 1231 2223 sed
1269 2183 1356 2223 fere
1394 2184 1440 2223 in
1479 2197 1624 2224 aream
1657 2183 1753 2224 Vol-

399 2261 520 2309 kant,
540 2267 557 2308 †
575 2260 746 2314 quodid
762 2274 896 2313 genus
910 2260 1220 2313 pisciculorum
1243 2260 1437 2300 vivorum
1462 2259 1589 2300 datur
1611 2262 1649 2300 ei
1664 2259 1754 2300 Deo

400 2351 477 2390 pro
501 2337 660 2378 animis
682 2337 901 2378 humanis,
1157 2334 1175 2391 Η
1200 2336 1422 2377 Publicius
1446 2337 1582 2376 clivus
1605 2336 1751 2389 appel-

400 2414 527 2460 latur,
565 2427 694 2466 quem
728 2413 814 2453 duo
849 2413 1002 2454 fratres
1029 2412 1064 2452 L
1084 2418 1101 2457 †
1121 2413 1178 2453 M.
1203 2412 1371 2453 Publici
1394 2412 1590 2453 Malteoli
1622 2419 1639 2459 †
1675 2414 1751 2453 Ae-

330 2506 365 2530 30
403 2489 511 2530 diles
575 2488 671 2530 Cur.
726 2503 779 2542 pe
804 2522 812 2530 .
838 2522 847 2529 .
874 2522 882 2529 .
919 2488 1037 2529 uaris
1070 2494 1087 2535 †
1141 2489 1439 2530 condemnatis
1502 2502 1551 2529 ex
1623 2501 1732 2542 pecu

401 2566 486 2612 nia,
532 2579 665 2618 quam
708 2567 922 2618 coeperat,
966 2571 983 2612 †
1027 2564 1293 2613 munierunt,
1337 2567 1385 2605 ut
1418 2566 1463 2605 in
1485 2565 1751 2606 Aventinum

402 2642 636 2690 1011100111ἰ
661 2642 764 2689 11011
788 2642 933 2682 venire
961 2648 978 2688 †
1005 2641 1154 2694 possit.
1310 2639 1328 2697 ΙΙ
1352 2640 1534 2682 Praedia
1561 2647 1578 2687 †
1605 2654 1753 2682 rursus

401 2718 577 2758 Verrius
644 2717 788 2758 vocari
855 2718 914 2758 ait
980 2730 1030 2758 ea
1095 2717 1301 2766 remedia,
1370 2730 1479 2770 quae
1553 2716 1653 2758 data
1730 2723 1747 2763 †

402 2793 560 2835 Cecilia
625 2801 641 2841 1-
708 2808 816 2834 uxor
897 2794 1103 2847 Tarquini
1187 2793 1321 2834 Prisci
1404 2794 1623 2834 invenisse
1697 2806 1748 2834 ex
