2072 3222
293 154 378 193 534
439 165 495 194 or.
512 163 571 187 xv.
586 164 629 189 29.
700 165 821 191 FEsTI
837 164 991 191 FRAGM,
1008 165 1033 191 E
1047 165 1139 192 con.
1156 165 1278 193 ΜΒΝ.
1296 166 1332 193 L.
1349 166 1484 193 xv1111.
1606 166 1636 189 P.
1658 164 1711 189 335
1731 166 1769 190 M,

293 983 328 1007 10

284 1372 318 1396 15

284 1750 319 1775 20

277 2521 314 2546 30

364 280 543 321 fiuvium
585 283 625 321 et
666 275 921 322 torrentem.
984 277 1002 335 ΙΙ
1021 280 1195 329 Torum,
1245 283 1292 321 ut
1315 280 1525 333 significet
1546 281 1772 331 torridum,

362 358 546 406 aridum,
607 371 684 410 per
745 370 884 397 unum
947 356 1122 410 quidem
1153 357 1190 396 R
1229 357 1410 410 antiqua
1454 357 1770 398 consuetudine

361 433 574 474 scribitur.
609 434 683 474 sed
715 434 842 487 quasi
873 448 950 487 per
993 434 1210 480 duorum†
1248 435 1474 484 scribatur,
1492 435 1771 488 pronuntiari

361 511 543 564 oportet.
607 524 711 551 nam
785 510 956 564 antiqui
1016 524 1097 551 nec
1158 513 1318 561 mutas,
1395 525 1474 552 nec
1537 513 1770 552 semivoca-

359 588 420 628 les
531 587 697 628 litteras
810 587 1109 639 geminabant,
1201 590 1249 628 ut
1340 588 1387 630 fit
1478 589 1523 629 in
1570 617 1575 620 -
1615 588 1770 634 Ennio,

361 665 499 713 Arrio,
549 664 705 705 Annio.
798 661 1039 718 ”Turmam
1072 665 1269 717 equitum
1322 664 1548 711 adictam†
1587 678 1678 706 esse
1713 665 1774 705 ait

360 740 575 782 Curiatius
626 754 761 793 quase
820 741 1048 782 terimam:
1113 740 1229 794 quod
1290 741 1459 782 terdeni
1511 741 1674 794 equites
1724 755 1773 782 ex

359 817 501 858 tribus
542 816 742 858 tribubus
786 817 1058 867 Titiensium,
1081 817 1332 866 Ramnium,
1356 818 1572 859 Lucerum
1594 818 1770 859 fiebant.

360 894 504 947 itaque
595 894 726 947 primi
807 895 1079 947 singularum
1162 893 1435 935 decuriarum
1517 893 1772 935 decuriones

364 969 478 1019 dicti,
523 969 598 1022 qui
643 984 692 1010 ex
736 983 786 1011 eo
830 969 876 1010 in
914 970 1099 1023 singulis
1142 971 1297 1010 turmis
1335 973 1438 1010 sunt
1482 970 1610 1011 etiam
1655 983 1772 1010 nunc

358 1048 483 1087 terni.
606 1043 625 1101 ΙΙ
649 1046 821 1088 Torreri
870 1061 894 1087 a
925 1050 1043 1089 torro
1088 1046 1338 1095 deductum,
1384 1048 1594 1101 proprie†
1639 1047 1766 1099 signi-

359 1123 459 1165 ficat
550 1125 721 1173 siccare,
815 1127 945 1178 atque
1036 1125 1264 1165 arefacere.
1358 1124 1433 1166 sed
1507 1127 1772 1177 usurpatum

360 1202 424 1241 est
456 1201 544 1241 iam
577 1214 654 1254 pro
678 1214 742 1251 eo,
767 1201 884 1255 quod
906 1203 960 1243 sit
991 1203 1090 1254 igne
1125 1215 1260 1242 urere.
1287 1201 1495 1243 Plautus:
1528 1202 1638 1246 »ΙῑιἿἰ
1682 1214 1771 1242 una

361 1276 485 1323 edet†
568 1291 699 1331 opera
760 1278 805 1318 in
867 1280 1044 1319 furnum
1127 1278 1317 1319 calidum
1393 1277 1580 1328 condito,
1645 1279 1771 1331 atque

357 1353 419 1394 ibi
515 1356 673 1395 torreto
687 1370 718 1395 υ.
865 1352 884 1409 ΙΙ
902 1355 1145 1403 Tur-annos,
1248 1355 1455 1397 Etruscos
1557 1354 1770 1408 appellari

360 1430 510 1471 solitos
593 1431 652 1471 ait
732 1432 919 1479 Verrius,
984 1445 1009 1473 a
1071 1432 1265 1472 Turreno
1349 1431 1456 1473 duce
1541 1431 1771 1485 Lydorum,

358 1521 382 1547 a
465 1507 584 1548 cuius
667 1508 808 1560 gentis
889 1509 1109 1562 praecipua
1191 1508 1441 1550 crudelitate
1517 1511 1646 1550 etiam
1709 1510 1769 1559 ty-

356 1597 519 1625 rannos
582 1584 732 1625 dictos.
812 1582 831 1639 ΙΙ
845 1585 972 1638 Tyria
1053 1585 1192 1626 maria
1252 1585 1299 1624 in
1360 1585 1639 1638 proverbium
1703 1583 1770 1625 de-

356 1660 533 1702 ductum
597 1664 685 1704 est:
751 1661 867 1715 quod
928 1661 1037 1715 Tyro
1097 1661 1272 1702 oriundi
1334 1661 1458 1702 Poeni
1520 1661 1627 1703 adeo
1691 1674 1767 1714 po-

354 1740 494 1779 tentes
556 1740 688 1779 maris
750 1738 942 1788 fuerunt,
994 1742 1042 1779 ut
1103 1738 1307 1779 omnibus
1371 1738 1630 1779 mortalibus
1692 1751 1767 1778 na-

355 1814 515 1866 vigatio
575 1817 687 1856 esset
750 1815 1011 1868 periculosa.
1075 1815 1277 1855 Afranius
1331 1815 1376 1856 in
1420 1816 1542 1868 epla:
1613 1816 1767 1856 «Hunc

355 1891 539 1931 serrium
554 1896 570 1926 4
644 1892 790 1932 autem
853 1891 990 1933 maria
1052 1891 1177 1944 Tyria
1252 1893 1458 1932 conciet.»
1587 1888 1766 1945 ”Torvi-

352 1970 418 2008 tas
452 1981 477 2008 a
540 1967 701 2009 ferocia
762 1970 989 2009 taurorum
1052 1967 1166 2009 dicta
1227 1971 1303 2009 est.
1372 1967 1582 2009 Pacuvius
1614 1969 1660 2007 in
1693 1969 1768 2008 Ar-

352 2057 526 2084 morum
592 2044 774 2085 iudicio:
848 2045 1021 2086 «Feroci
1082 2046 1262 2097 ingenio
1325 2047 1473 2086 torvus
1538 2058 1765 2098 praegnan-

304 2141 317 2164 5
353 2120 432 2166 di†
464 2120 638 2172 gradu.»
688 2124 751 2162 et:
804 2120 939 2162 «Cum
984 2122 1187 2163 recordor
1235 2122 1326 2163 eius
1371 2122 1573 2169 ferocem,
1608 2123 1649 2162 et
1682 2124 1764 2162 tor-

352 2210 452 2237 vam
555 2196 904 2239 confidentiam.»
1045 2195 1064 2252 ΙΙ
1082 2197 1292 2238 Turbelas
1399 2198 1554 2238 dixisse
1657 2196 1766 2238 anti-

352 2287 472 2327 quos.
558 2288 664 2326 quas
755 2288 873 2315 nunc
937 2274 1087 2315 turbas
1169 2273 1459 2328 appellamus,
1522 2272 1643 2315 testis
1705 2275 1768 2313 est

348 2350 530 2392 Plautus
578 2351 622 2391 in
672 2350 909 2392 Pseudolo:
949 2351 1069 2402 «Quo
1103 2351 1222 2397 alto†
1266 2353 1308 2392 et
1342 2351 1516 2404 quintas
1532 2356 1548 2397 3}
1602 2350 1767 2391 soleam

354 2427 547 2467 turbelas
610 2426 748 2468 dare.»
877 2424 1123 2481 ssTutulum
1198 2429 1344 2468 vocari
1421 2428 1546 2468 aiunt
1606 2426 1764 2467 Flami-

351 2503 550 2543 nicarum
642 2503 794 2556 capitis
890 2505 1214 2552 ornamentum,
1308 2502 1422 2556 quod
1504 2503 1578 2543 fiat
1660 2504 1766 2543 vitta

346 2592 566 2632 purpurea
708 2579 866 2620 innexa
1008 2578 1218 2627 crinibus,
1343 2580 1384 2619 et
1504 2580 1765 2620 exstructum

349 2657 395 2695 in
457 2654 748 2696 altitudinem.
813 2654 1013 2706 Quidam,
1076 2655 1257 2708 pilleum
1322 2656 1521 2697 lanatum
1586 2656 1761 2701 forma†

349 2731 485 2777 etalilj-
584 2731 835 2784 figuratum,
919 2744 1003 2784 quo
1086 2731 1306 2772 Flamines
1403 2745 1451 2772 ac-
1533 2731 1765 2772 Pontifices

347 2810 540 2854 utantur,
633 2807 785 2848 eodem
880 2809 1057 2848 nomine
1148 2808 1304 2848 vocari.
1399 2807 1591 2848 Ennius:
1691 2807 1763 2847 «li-
