2072 3222
359 120 382 155 ὅ
670 130 793 157 PAULI
817 129 1033 157 EXCERPTA
1055 129 1109 156 Ex
1132 130 1216 158 LIB.
1240 131 1364 158 POMP.
1388 131 1509 160 FESTI
1735 129 1838 156 10—19

381 286 385 289 ,
414 244 539 284 1111110
560 244 662 285 facti
684 246 798 293 sunt,
836 245 964 285 fuerit
997 244 1091 285 sine
1115 245 1303 298 angulo;
1348 247 1470 287 cuius
1493 247 1602 287 festa
1623 247 1838 299 Agonalia

414 314 679 355 dicebantur.

352 383 505 436 Agea
526 386 596 426 via
617 386 663 425 in
685 385 787 426 navi
810 384 935 435 dicta,
961 385 1077 438 quod
1112 385 1157 426 in
1188 400 1239 427 ea
1261 387 1448 428 maxime
1472 400 1655 440 quaeque
1676 400 1745 428 res
1768 387 1837 440 agi

412 456 535 496 solet.

296 545 309 567 5
354 524 596 576 Agonias
620 525 783 566 hostias
805 528 964 579 putant
986 526 1040 567 ab
1065 527 1235 580 agendo
1259 527 1410 568 dictas.

352 595 717 646 A-lbogalerus
750 610 776 637 a
796 597 921 650 galea
943 598 1212 639 nominatus
1236 598 1313 639 Est
1331 600 1447 639 enim
1464 599 1646 652 pilleum
1671 601 1836 652 capitis,

412 680 497 719 quo
533 666 681 708 Diales
714 666 926 716 flamines,
962 668 1006 708 id
1042 671 1104 709 est
1138 669 1383 710 sacerdotes
1418 669 1546 719 lovis,
1588 670 1836 710 utebantur.

411 737 563 778 Fiebat
586 738 703 778 enim
728 752 777 778 ex
798 738 941 779 hostia
963 739 1065 780 alba
1087 739 1179 780 Iovi
1203 753 1324 789 caesa,
1344 741 1412 781 cui
1435 739 1705 790 adfigebatur
1727 753 1837 793 apex

411 808 580 860 virgula
602 808 816 861 oleagina.

297 895 330 919 10
353 876 575 929 Apluda
597 881 661 919 est
682 893 820 932 genus
843 881 1146 922 minutissimae
1169 882 1307 935 paleae
1330 881 1535 922 frumenti
1565 883 1653 923 sive
1676 881 1836 935 panici,

413 948 464 989 de
489 962 574 1002 qua
590 949 785 991 Naevius:
828 951 948 992 «Non
982 951 1127 993 hercle
1157 952 1320 1005 apluda
1355 954 1418 993 est
1439 952 1581 1002 hodie,
1620 966 1751 1006 quam
1774 955 1835 1001 tu,

411 1020 631 1072 nequior.»
673 1020 798 1071 Sunt,
842 1024 915 1075 qui
950 1022 1162 1076 apludam
1205 1023 1457 1064 sorbitionis
1494 1024 1833 1077 liquidissimum
1877 1033 1902 1065 11

410 1092 565 1142 putent
586 1105 737 1144 genus,
762 1092 877 1145 quod
899 1092 1004 1134 flatu
1028 1093 1238 1134 deiciatur
1260 1098 1302 1135 et
1325 1096 1449 1147 quasi
1471 1094 1745 1148 adplodatur.

352 1159 586 1201 Aridum
608 1162 781 1215 proprie
805 1166 880 1213 est,
905 1164 1021 1217 quod
1043 1166 1289 1205 naturalem
1314 1165 1543 1206 humorem
1568 1166 1725 1206 amisit.
1761 1165 1833 1205 Di-

295 1249 328 1271 15
413 1231 522 1272 citur
544 1234 691 1273 autem
713 1247 790 1286 per
813 1237 1077 1275 contrariam
1114 1235 1493 1288 significationem,
1518 1236 1632 1289 quod
1656 1236 1835 1287 inrigari

412 1302 594 1343 desierit.
618 1303 728 1344 Nam
753 1303 936 1358 ἀρδεύειν
957 1304 1102 1346 Graece
1125 1307 1311 1359 inrigare
1336 1310 1409 1347 est.

352 1371 528 1424 Aptus
551 1387 649 1413 cum
673 1375 850 1428 propria
884 1375 1200 1428 significatione
1235 1377 1527 1429 intellegatur,
1559 1377 1665 1430 poni
1687 1380 1833 1417 tamen

411 1443 521 1484 solet
541 1456 620 1498 pro
643 1445 815 1499 adepto,
838 1447 950 1487 sicut
974 1448 1109 1500 apisci
1133 1461 1210 1500 pro
1235 1448 1428 1501 adipisci.

351 1514 499 1555 Area
518 1516 692 1569 proprie
728 1516 885 1557 dicitur
906 1517 1027 1558 locus
1062 1532 1238 1569 vacuus,
1275 1521 1397 1572 quasi
1435 1520 1649 1559 exaruerit
1682 1522 1723 1560 et
1745 1532 1834 1559 non

289 1603 324 1627 20
410 1587 545 1638 possit
568 1587 803 1640 quicquam
825 1601 1048 1641 generare.

351 1655 598 1707 Angulus
621 1672 645 1698 a
669 1656 818 1699 Graeco
842 1657 1013 1711 ἀγκύλον
1048 1662 1178 1710 venit,
1203 1661 1290 1701 sive
1316 1661 1369 1701 ab
1394 1675 1457 1711 60,
1483 1660 1598 1714 quod
1620 1663 1683 1701 est
1706 1659 1833 1712 ἐγγύς,

410 1728 454 1768 1(1
477 1731 541 1769 est
562 1742 710 1783 prope.

352 1796 754 1851 Aduncantur*‚
772 1815 867 1854 quae
883 1816 933 1842 ex
948 1802 1115 1843 diverso
1131 1806 1280 1844 coacta
1293 1803 1458 1843 faciunt
1471 1803 1622 1856 anguli
1635 1803 1833 1843 formam.

353 1868 582 1910 Adfines
604 1872 650 1911 in
674 1874 786 1924 agris
819 1874 962 1920 vicini,
988 1874 1076 1913 sive
1101 1874 1482 1927 consanguinitate
1507 1874 1743 1914 coniuncti.

294 1956 329 1980 25
353 1938 592 1981 Anolare
617 1941 791 1983 haurire
826 1956 850 1983 a
874 1942 1023 1984 Graeco
1048 1944 1283 1984 descendit.
1318 1944 1490 1985 Livius:
1540 1944 1736 1986 «Florem
1761 1958 1834 1986 an-

414 2010 589 2051 elabant
611 2011 755 2053 Liberi
779 2027 829 2053 ex
856 2014 1122 2055 carchesiis.»

353 2078 648 2124 AnClabriS
671 2097 823 2125 mensa
838 2085 1090 2125 ministeriis
1105 2088 1252 2139 aptata
1265 2086 1435 2127 divinis.
1460 2087 1574 2127 Vasa
1597 2100 1768 2139 quoque
1790 2087 1835 2125 in

414 2163 477 2199 ea,
502 2152 659 2203 quibus
682 2154 926 2195 sacerdotes
948 2157 1145 2205 utuntur,
1171 2154 1395 2198 amclab‘ria
1422 2157 1716 2212 appellantur.

300 2256 303 2261 ,
354 2219 760 2264 Ancunulentae
803 2225 976 2266 feminae
1019 2230 1243 2267 menstruo
1287 2229 1481 2281 tempore
1529 2227 1834 2281 appellantur:

293 2310 331 2336 30
414 2292 529 2332 unde
552 2294 738 2335 trahitur
759 2296 1163 2349 inquinamentum.

355 2360 559 2402 Antras
581 2369 598 2410 1
621 2367 839 2407 convalles
863 2368 932 2409 vel
955 2368 1159 2408 arborum
1181 2374 1198 2415 Τ
1222 2369 1468 2410 intervalla.

354 2431 572 2473 Arseria
594 2447 720 2486 aqua,
762 2450 856 2489 quae
879 2438 1029 2479 inferis
1064 2439 1297 2488 libabatur,
1338 2440 1452 2480 dicta
1475 2454 1499 2481 a
1521 2439 1705 2480 ferendo
1714 2454 1721 2486 ;
1747 2440 1835 2479 sive

416 2517 491 2544 vas
514 2504 616 2552 vini,
643 2507 757 2557 quod
780 2509 911 2549 sacris
935 2509 1236 2552 adhibebatur.
1779 2497 1782 2501 ²

354 2571 580 2613 Affatim
603 2575 762 2616 dictum
800 2592 825 2618 a
859 2580 984 2632 copia
1005 2580 1184 2628 fatendi,
1222 2581 1309 2621 sive
1340 2580 1628 2621 abundanter.
1664 2580 1835 2620 Livius:

295 2668 330 2692 35
421 2644 619 2685 «Affatim
654 2646 735 2695 edi,
772 2648 873 2697 bibi,
905 2649 1028 2690 lusi.»
1066 2650 1290 2691 Terentius
1314 2649 1483 2707 affatim
1518 2651 1622 2691 dixit
1656 2664 1733 2703 pro
1772 2664 1834 2698 eo,

415 2714 529 2766 quod
566 2718 628 2756 est
650 2716 701 2756 ad
727 2717 1041 2760 lassitudinem.

355 2783 665 2835 Ammenta,
702 2787 871 2838 quilius.
921 2794 967 2830 ut
1020 2791 1132 2831 1111111
1174 2791 1354 2843 possint,
1400 2791 1650 2832 vinciuntur
1682 2793 1836 2841 iac-ula,
1878 2794 1906 2826 1⁴2
