2072 3222
283 133 368 175 4¹98
420 145 477 175 QU·
494 145 552 170 XV·
566 143 592 169 8-
687 145 808 173 FESTI
822 145 979 173 FRAGM.
994 146 1020 173 E
1035 146 1128 174 COD.
1143 145 1267 173 FARN.
1284 146 1323 173 L.
1338 146 1474 174 XVIIII.
1611 146 1644 170 P.
1657 144 1711 169 :334
1725 146 1765 170 M.

287 954 320 978 10

286 1331 318 1356 15

283 1722 319 1745 20

284 2513 320 2539 20

354 262 398 302 in
470 260 657 315 patriam
730 261 1034 302 remitteretur.
1113 263 1230 312 sunt,
1308 263 1382 314 qui
1445 260 1606 311 dicant,
1667 265 1766 314 post

353 337 507 378 urbem
569 351 594 379 a
655 335 792 378 Gallis
867 337 1114 386 liberatam,
1178 338 1230 378 ob
1306 336 1503 391 inopiam
1584 337 1764 386 cibatus,

353 415 516 467 coeptos
598 414 821 467 sexaginta
903 427 1123 456 annorum
1206 414 1408 456 homines
1491 416 1618 462 laci†
1719 416 1763 456 in

353 489 557 540 Tiberim,
621 504 669 531 ex
744 503 829 543 quo
897 504 1080 531 numero
1143 504 1272 539 unus>
1336 490 1413 532 filii
1474 491 1634 545 pietate
1697 504 1764 533 oc-

353 566 558 616 cultatus,
641 580 753 620 saepe
856 567 1072 621 profuerit
1154 601 1162 611 .
1186 600 1195 609 .
1219 567 1311 609 triae
1409 569 1603 618 consilio,
1684 568 1766 609 sub

352 656 543 696 persona
604 643 696 684 filii.
756 643 800 684 id
851 647 900 684 ut
951 643 1007 685 sit
1058 645 1297 697 cognitum,
1361 646 1399 685 ei
1462 645 1609 686 iuveni
1672 658 1766 686 esse

352 718 563 772 ignotum,
646 723 694 761 ut
775 721 1073 773 sexsagenaris
1095 726 1112 766 †
1198 721 1289 762 ulta
1316 726 1333 766 †
1418 734 1633 763 concessa.
1707 722 1764 764 la-

351 795 497 836 tebras
543 799 687 837 autem
740 796 830 837 eius
850 802 885 846 1,
925 796 1084 850 quibus
1127 798 1353 850 arguerit*
1401 811 1565 847 senem,
1608 796 1652 838 id
1705 800 1768 838 est

353 872 607 920 cohibuerit,
743 875 784 913 et
925 873 1138 921 celaverit,
1260 873 1490 914 sanctitate
1612 874 1766 927 dignas

353 962 444 989 esse
536 948 660 997 visas,
753 949 936 1002 ideoque
1022 962 1160 990 arcaea
1241 949 1475 1003 appellata.
1561 949 1635 991 sed
1697 964 1766 991 ex-

353 1025 698 1078 ploratissimum
801 1026 910 1067 illud
994 1029 1057 1067 est
1145 1039 1299 1075 causae,
1384 1039 1469 1079 quo
1570 1028 1766 1079 tempore

352 1101 544 1155 primum
606 1116 682 1155 per
743 1104 922 1156 pontem
985 1106 1211 1156 coeperunt
1272 1102 1457 1144 comitiis
1513 1102 1767 1156 suffragium

352 1177 474 1226 ferre,
577 1178 767 1220 iuniores
871 1179 1266 1227 conclamaverunt,
1362 1182 1409 1219 ut
1502 1178 1552 1219 de
1634 1181 1767 1232 ponte

353 1253 623 1295 deicerentur
704 1255 969 1307 sexagenari,
1053 1256 1126 1307 qui
1208 1255 1295 1295 iam
1378 1254 1501 1295 nullo
1590 1253 1767 1308 publico

353 1343 535 1381 munere
563 1336 580 1377 Τ
678 1331 974 1384 fungerentur,
1088 1334 1135 1370 ut
1246 1331 1328 1383 ipsi
1440 1330 1582 1383 potius
1685 1331 1768 1371 sibi

352 1419 485 1459 quam
578 1406 643 1447 illi
734 1407 974 1460 deligerent
1065 1407 1248 1460 impffi:
1364 1407 1485 1448 cuius
1594 1411 1766 1448 senten-

351 1484 457 1529 tia†
501 1486 564 1524 est
609 1483 739 1525 etiam
786 1482 970 1524 Sinnius
1014 1482 1182 1536 Capito.
1247 1496 1405 1524 vanam
1470 1486 1617 1524 autem
1672 1484 1762 1536 opi-

351 1559 531 1600 nionem
653 1558 703 1600 de
839 1559 961 1612 ponti
990 1566 1006 1588 4
1151 1559 1354 1600 Tiberino
1497 1560 1768 1601 confirmavit

354 1635 558 1676 Afranius
621 1636 665 1676 in
735 1636 991 1689 Repudiato.
1139 1634 1157 1691 ΙΙ
1182 1636 1312 1678 Secus
1395 1636 1521 1677 aliter
1603 1636 1762 1689 signifi-

352 1715 459 1753 6611
537 1726 652 1760 sexu,
716 1715 875 1753 natura
958 1712 1211 1766 habituque,
1276 1727 1323 1753 ex
1387 1711 1550 1762 Graeco,
1634 1726 1765 1766 quani

353 1788 416 1828 illi
498 1792 654 1830 vocant
741 1789 899 1833 ezi11†.
984 1789 1187 1829 Afranius
1251 1789 1297 1830 in
1360 1789 1593 1841 Privigno:
1675 1789 1767 1831 «Sic

355 1867 444 1917 agit
457 1871 474 1911 †
573 1866 705 1907 orbus
830 1866 943 1906 virili
1067 1879 1168 1907 sexu
1293 1865 1518 1920 adoptavit
1641 1866 1761 1907 sibi.»

354 1940 566 1982 Pacuvius
708 1942 751 1982 in
895 1942 1098 1983 Atalanta
1114 1958 1122 1982 ε
1271 1958 1284 1977 a
1294 1941 1522 1995 Triplicem
1656 1942 1767 1983 w‘rili

353 2030 456 2058 sexu
577 2020 751 2071 partum
873 2021 1110 2071 procreat.»
1238 2015 1256 2073 Η
1275 2017 1596 2071 Simpludiarea
1704 2018 1767 2058 fu-

284 2110 300 2134 2
352 2106 455 2134 nera
519 2096 633 2141 sunt,
698 2094 856 2147 quibus
909 2094 1173 2135 adhibentur
1227 2094 1278 2134 D.
1334 2094 1379 2135 T.
1434 2093 1525 2135 ludi
1541 2100 1571 2143 js,
1627 2094 1762 2135 corbi-

352 2172 566 2223 toresque.
632 2170 808 2223 quidam
861 2184 911 2212 ea
955 2170 1154 2211 dixerunt
1199 2184 1304 2220 esse,
1355 2171 1508 2224 quibus
1558 2173 1763 2212 neutrum

353 2259 490 2295 genus
582 2247 808 2287 interesset
901 2247 1121 2288 ludorum.
1185 2260 1289 2288 nam
1381 2246 1584 2288 indictiva
1647 2250 1763 2296 sunt,

355 2322 511 2375 quibus
574 2323 836 2364 adhibentur
897 2337 988 2364 non
1051 2323 1142 2364 ludi
1205 2323 1352 2372 modo,
1404 2323 1478 2364 sed
1518 2324 1649 2364 etiam
1695 2322 1765 2363 de-

355 2398 553 2447 sultores,
637 2413 731 2452 quae
840 2401 941 2440 sunt
1032 2399 1318 2452 amplissima.
1501 2397 1519 2454 ΙΙ
1539 2399 1619 2441 Sex
1682 2399 1766 2439 suf-

353 2474 487 2527 fragia
583 2476 860 2528 appellantur
942 2477 987 2516 in
1070 2476 1266 2529 equitum
1359 2476 1578 2524 centuriis,
1671 2489 1763 2529 quae

355 2552 456 2590 sunt
604 2551 778 2592 adfectae
793 2557 809 2587 4
952 2552 989 2591 ei
1120 2564 1303 2592 numero
1456 2551 1763 2597 centuriarum,

356 2639 463 2679 quas
614 2627 782 2668 Priscus
932 2626 1190 2681 Tarquinius
1325 2641 1398 2668 rex
1519 2627 1760 2668 constituit.

359 2699 621 2755 ssSestertius
683 2702 839 2744 dicitur
901 2706 1055 2757 quarta
1107 2717 1206 2757 pars
1269 2702 1448 2751 denarii,
1513 2716 1597 2756 quo
1659 2706 1766 2744 tem-

356 2793 459 2832 pore
534 2780 633 2826 his†
717 2779 884 2821 decusis
990 2779 1185 2821 valebat:
1267 2779 1310 2819 id
1373 2782 1436 2820 est
1497 2779 1764 2832 dupundius,
