2072 3222
361 148 416 187 (30
675 161 799 189 PAULI
822 160 1037 188 EXCERPTA
1061 160 1114 187 EX
1137 160 1221 188 LIB.
1245 162 1368 189 POMP.
1390 162 1511 189 FESTI
1730 160 1837 185 84—85

418 278 523 319 Inde
546 280 585 319 et
602 274 765 331 forare,
795 277 912 317 foras
936 276 1050 325 dare,
1088 279 1129 318 et
1144 275 1258 332 fores
1282 281 1323 318 et
1339 275 1464 331 foras·
1488 279 1529 318 et
1549 275 1756 328 seracula,
1791 277 1836 318 id

417 350 480 388 est
503 348 673 396 ostiola,
697 346 913 388 dicuntur.

358 418 507 458 Fons
531 431 556 458 a
577 416 802 458 fundendo
827 416 980 458 dictus.

358 488 605 529 Fomites
628 490 732 528 sunt
755 487 985 529 assulae-ex
1009 488 1251 538 arboribus,
1287 489 1391 530 dum
1415 489 1654 536 eaeduntur,
1690 502 1834 529 exeus-

310 575 332 598 5
418 572 499 599 sae:
524 558 661 607 (110110,
685 557 800 610 quod
823 559 869 598 in
893 571 942 599 eo
967 571 1096 611 opere
1121 561 1320 612 occupati
1344 559 1449 600 cibis
1472 562 1665 612 potuque
1689 558 1836 600 confo-

319 619 321 622 4
418 632 584 670 ventur.
628 629 682 669 At
705 627 874 681 Opilius
909 628 1087 670 adustas
1121 630 1210 670 ian]
1232 629 1407 670 fomites
1441 631 1586 670 vocari
1610 628 1836 670 existimat.

419 700 609 741 Fomites
646 699 720 740 alii
757 700 903 740 vocari
932 703 1092 753 putant
1127 700 1355 750 scintillas,
1390 714 1482 753 quae
1519 715 1568 741 ex
1596 701 1709 741 ferro
1740 713 1838 740 oan-

418 770 534 811 denti
576 770 747 811 malleis
791 770 1095 819 excutiuntnrg
1140 770 1262 811 dictae
1305 773 1453 812 autem
1492 771 1565 820 ita,
1610 771 1712 824 quia
1750 770 1840 822 igni

418 843 520 881 sunt
542 840 739 882 confotae.
783 840 882 882 Pari
906 840 1037 882 modo
1062 841 1233 890 assulae,
1270 855 1363 894 quae
1386 844 1488 882 sunt
1524 841 1746 882 securibus
1770 854 1837 881 ex-

302 927 335 951 10
419 925 566 953 0115530.

360 982 690 1033 Fontinali&
709 983 898 1023 fontium
914 996 1047 1024 saera.
1072 982 1196 1024 Unde
1213 985 1254 1023 et
1268 982 1416 1023 Romae
1432 982 1678 1024 Fontinalis
1700 984 1839 1035 porta.

360 1054 580 1095 Folium
613 1067 638 1094 a
661 1052 810 1095 Graeeo
844 1054 975 1102 venit,
1012 1053 1127 1106 quod
1150 1054 1216 1094 illi
1252 1053 1403 1094 dieunt
1437 1054 1600 1109 φύλλον,
1637 1053 1712 1095 sed
1744 1052 1840 1093 ideo

420 1138 495 1179 per
517 1138 655 1165 unum
679 1124 727 1174 L,
765 1124 867 1178 quia
890 1124 1059 1177 antiqui
1093 1137 1184 1165 non
1220 1124 1502 1177 geminabant
1537 1126 1842 1165 consonantes.

360 1196 554 1245 Focus‚
590 1194 850 1245 fomenta,
894 1194 1257 1245 focilationes,
1300 1194 1470 1236 foculi
1503 1209 1526 1235 a
1561 1194 1763 1244 fovendo,
1797 1193 1842 1235 id

302 1280 334 1303 1⁵
419 1269 482 1308 est
505 1265 813 1314 calefaciendo,
837 1265 950 1306 dieta
972 1268 1086 1306 sunt.

360 1336 696 1378 Folliculare
721 1336 968 1390 appellatur
989 1350 1088 1389 pars
1110 1338 1235 1386 remi,
1264 1350 1357 1389 quae
1381 1337 1577 1378 folliculo
1601 1338 1665 1377 est
1686 1333 1841 1384 tecta*,

421 1423 446 1449 a
469 1422 553 1461 quo
575 1408 662 1449 vita
683 1407 952 1448 follicularis.

362 1478 675 1520 Ferentani
697 1478 926 1520 auxiliares
958 1478 1003 1519 in
1026 1478 1156 1526 bello,
1193 1492 1218 1519 a
1240 1477 1418 1519 ferendo
1442 1479 1603 1519 auxilio
1627 1478 1739 1526 dieti,
1773 1477 1841 1518 vel

423 1549 525 1601 quia
547 1547 694 1589 fundis
718 1550 759 1589 et
781 1547 1002 1601 lapidibus
1023 1548 1294 1601 pugnabant,
1311 1562 1404 1601 (11110
1418 1548 1505 1590 tela
1520 1548 1732 1595 feruntur,
1751 1560 1842 1588 non

304 1632 338 1656 20
421 1622 637 1668 tenentur,
662 1619 722 1660 ita
744 1618 964 1672 appellati.

362 1690 650 1732 Ferctum*
675 1704 813 1743 genus
835 1690 912 1730 libi
947 1689 1124 1740 dietum,
1161 1688 1276 1742 quod
1299 1688 1488 1730 erebrius
1516 1687 1569 1730 ad
1592 1702 1716 1729 saera
1737 1688 1842 1729 fere-

421 1762 559 1811 batur,
592 1774 672 1802 nee
696 1762 789 1802 sine
813 1763 942 1809 strue,
977 1760 1112 1801 altero
1135 1773 1292 1813 genere
1328 1759 1419 1810 libi,
1457 1773 1550 1812 quae
1575 1759 1648 1812 qui
1682 1758 1843 1800 adfere-

421 1832 527 1871 bant
548 1828 814 1885 strezs'esrctamss
837 1830 1189 1884 appellabantur.

365 1900 582 1942 Feralia
604 1901 668 1942 dis
690 1901 896 1942 manibus
932 1904 1100 1942 saerata
1121 1901 1244 1950 festa,
1279 1913 1304 1941 a
1325 1901 1514 1942 ferendis
1538 1900 1692 1953 epulis,
1726 1900 1794 1941 vel
1818 1912 1845 1939 a

306 1985 339 2009 23
424 1972 626 2013 feriendis
649 1972 888 2024 pecudibus
912 1971 1146 2025 appellata.

365 2043 530 2084 Feri&
553 2056 578 2084 a
599 2042 802 2084 feriendis
825 2044 1012 2083 victimis
1035 2046 1198 2084 vocata.

366 2113 702 2154 Februarius
725 2113 889 2153 mensis
905 2113 1058 2162 (lictus,
1083 2111 1198 2165 quod
1212 2114 1320 2162 tum,
1344 2111 1386 2152 id
1403 2114 1466 2153 est
1481 2114 1670 2153 extremo
1695 2124 1844 2152 mense

426 2186 544 2231 anni,
578 2185 769 2237 populus
791 2184 1077 2229 februaretur,
1113 2183 1156 2223 id
1181 2185 1244 2223 est
1276 2183 1534 2223 lustraretur
1566 2195 1615 2223 ae
1637 2194 1841 2235 purgare-

425 2258 505 2301 tur,
530 2255 598 2295 vel
622 2267 646 2295 a
668 2254 840 2294 Iunone
858 2253 1091 2302 Februata,
1115 2266 1246 2305 quam
1270 2252 1344 2293 alii
1360 2252 1636 2301 Febr-nalem,
1654 2251 1845 2292 Romani

308 2340 343 2362 ,ιω
425 2324 676 2365 Februlim*
701 2328 872 2375 vocant,
897 2325 1012 2378 quod
1034 2324 1118 2378 ipsi
1142 2338 1191 2365 eo
1214 2338 1364 2365 mense
1388 2337 1510 2365 sacra
1531 2323 1705 2371 fiebant,
1733 2322 1842 2363 eius-

427 2409 508 2448 que
532 2397 646 2437 feriae
683 2398 807 2438 erant
828 2396 1102 2449 Lupercalia,
1138 2409 1223 2448 quo
1248 2395 1315 2436 die
1350 2395 1557 2436 mulieres
1579 2393 1842 2434 februaban—

426 2469 495 2507 tur
518 2480 542 2507 a
565 2467 752 2520 lupereis
766 2468 954 2508 amiculo
976 2467 1171 2514 Iunonis,
1195 2466 1238 2507 id
1261 2469 1325 2507 est
1345 2466 1459 2519 pelle
1483 2465 1686 2518 eaprina;
1713 2477 1843 2517 quarn

428 2537 482 2577 ob
506 2551 681 2577 causan]
715 2539 750 2577 is
775 2551 945 2590 quoque
970 2537 1060 2578 dies
1084 2534 1129 2578 F
1126 2534 1323 2578 ebrmztus
1357 2536 1676 2590 appellabatur.
1720 2534 1843 2584 Quae-

340 2654 343 2655 7
429 2620 614 2659 cumque
638 2607 825 2660 denique
847 2607 1127 2660 purgamenti
1145 2620 1277 2647 eausa
1299 2607 1342 2647 in
1361 2607 1602 2659 quibusque
1625 2603 1845 2646 sacrifieiis

311 2693 344 2714 επ.
429 2677 705 2726 adhibentur,
736 2675 893 2731 faesbrua
916 2677 1207 2730 appellantur.
1249 2677 1297 2716 ld
1333 2689 1447 2725 vero,
1483 2675 1598 2728 quod
1621 2677 1844 2729 purgatur,

429 2746 582 2788 dicitur
604 2744 860 2795 februarum.

370 2817 706 2858 Fescennini
739 2832 900 2866 versus,
942 2820 1014 2871 qui
1048 2818 1318 2859 canebantur
1353 2818 1398 2857 in
1433 2817 1609 2871 nuptiis,
1654 2830 1703 2857 ex
1737 2816 1847 2857 urbe

1876 645 1912 678 85
