2072 3222
321 131 407 173 354
468 146 525 175 QU.
542 144 666 170 13132.
733 147 854 175 FEs'rr
872 148 1027 176 FRAGM.
1044 149 1069 175 E
1088 149 1178 176 con.
1194 149 1317 178 FARN.
1335 151 1488 178 L.XV11.
1651 153 1681 176 P.
1697 151 1750 176 263
1763 153 1802 178 M.

319 965 352 989 10

316 1342 350 1379 15

314 1742 352 1767 20

312 2119 346 2143 25

311 2506 346 2529 30

390 270 601 310 vetustate
649 281 832 321 rugosae,
882 270 923 308 et
980 268 1137 310 coloris
1190 268 1399 319 eiusdem,
1451 268 1614 309 rubidae
1683 269 1742 310 di-

391 345 427 385 ci
501 344 656 385 solent.
733 341 752 399 ΙΙ
766 346 1016 386 Romanam
1084 347 1258 398 portam
1320 346 1476 398 vulgus
1538 346 1742 399 appellat,

390 421 465 461 ubi
517 434 566 461 ex
614 420 852 474 epistyllo†
904 420 1053 461 defluit
1099 435 1226 474 aqua.
1276 422 1350 475 qui
1397 421 1516 463 locus
1563 422 1618 462 ab
1667 436 1741 463 an—

389 497 518 551 tiquis
571 497 784 550 appellari
836 497 990 538 solitus
1056 499 1119 538 est
1181 500 1333 539 statuae
1399 497 1572 549 Cinciae,
1626 499 1741 552 quod

387 575 433 614 in
497 587 546 615 eo
609 573 690 614 fuit
751 574 1001 627 sepulcrum
1064 574 1155 614 eius
1216 575 1417 615 familiae.
1482 575 1555 616 sed
1617 579 1743 629 porta

389 651 592 691 Romana
667 649 868 691 instituta
941 653 1005 691 est
1078 664 1103 691 a
1164 651 1354 692 Romulo
1416 651 1568 693 infimo
1632 653 1742 693 clivo

390 727 603 776 Victoriae,
663 727 736 781 qui
779 727 900 768 locus
942 727 1146 780 gradibus
1189 728 1235 768 in
1278 728 1489 781 quadram
1533 728 1742 770 formatus

389 807 467 845 est.
516 804 739 858 appellata
786 807 934 845 autem
977 805 1180 846 Romana
1224 818 1249 845 a
1293 804 1467 845 Sabinis
1511 806 1741 859 praecipue

389 880 500 934 quod
557 894 607 921 ea
659 882 886 934 proximus
939 880 1080 922 aditus
1129 884 1220 923 erat
1266 885 1465 923 Romam.
1515 880 1741 937 lflRutabu-

388 958 480 998 lum
556 959 632 1006 est,
708 971 793 1011 quo
864 958 1013 999 rustici
1074 958 1119 998 in
1181 959 1432 1011 proruendo
1495 958 1606 1011 igne,
1670 971 1741 1011 pa-

387 1035 455 1074 nis
500 1034 712 1088 coquendi
747 1035 897 1087 gratia.
932 1035 1090 1075 Novius
1122 1035 1168 1075 in
1202 1035 1367 1082 Pico†:
1409 1035 1534 1088 «quid
1568 1048 1646 1088 ego
1678 1035 1739 1075 fa·

388 1117 522 1158 cere†
596 1113 769 1158 motio†
839 1111 1123 1158 sirodebam†
1179 1112 1473 1152 rutabulum.»
1540 1112 1737 1159 Navium

387 1188 620 1229 obscenam
675 1188 754 1229 viri
804 1191 972 1242 partem
1025 1188 1295 1229 describens:
1352 1189 1442 1228 «vel
1507 1203 1601 1241 quae
1650 1202 1740 1241 spe—

386 1267 453 1305 rat
517 1279 561 1305 se
625 1270 863 1318 nupturam
948 1265 1027 1306 viri
1080 1265 1433 1306 adulescentulos
1453 1272 1487 1316 ἦν,
1542 1279 1591 1306 ea
1642 1266 1742 1306 licet

385 1341 522 1382 senile
628 1344 783 1383 tractet
888 1342 1085 1382 retritum
1190 1342 1483 1383 rutabulum.»
1594 1340 1612 1397 ΙΙ
1627 1343 1741 1383 Ruta

387 1431 499 1459 caesa
571 1418 783 1466 dicuntur,
868 1431 962 1471 quae
1031 1418 1227 1459 venditor
1308 1418 1605 1471 possessionis,
1675 1418 1741 1459 sui

386 1508 489 1535 usus
585 1494 722 1546 gratia
820 1494 1018 1539 concidit,
1117 1493 1367 1546 ruendoque
1465 1495 1678 1535 contraxit
1705 1501 1739 1535 †.

388 1569 675 1626 11Rutilium†
743 1572 890 1613 rufum
955 1571 1182 1624 significat,
1247 1572 1368 1612 cuius
1433 1571 1588 1612 coloris
1653 1574 1737 1612 stu-

384 1648 514 1689 diosae
598 1649 728 1690 etiam
812 1649 1002 1701 antiquae
1089 1648 1293 1689 mulieres
1387 1649 1577 1697 fuerunt,
1660 1662 1735 1688 un-

385 1725 435 1765 de
531 1727 755 1766 traxerunt
851 1725 1113 1778 cognomina
1194 1724 1361 1765 rutilias
1382 1731 1415 1771 1,
1500 1727 1547 1765 ut
1629 1724 1735 1764 indi-

388 1803 455 1842 cat
558 1802 808 1855 frequenter
910 1802 1126 1842 Ali-anius.
1231 1799 1248 1855 ΙΙ
1264 1801 1449 1842 Rutrum
1550 1802 1739 1841 tenentis

384 1878 552 1918 iuvenis
666 1880 730 1918 est
843 1877 1006 1930 effigies
1119 1878 1164 1918 in
1266 1877 1478 1930 Capitolio
1581 1877 1738 1930 ephebi

385 1968 505 1995 more
600 1954 851 1995 Graecorum
943 1955 1155 1996 harenam
1262 1954 1442 2001 ruentis,
1537 1954 1736 1995 exercita-

383 2031 515 2072 tionis
579 2031 731 2084 gratia,
798 2031 914 2084 quod
967 2032 1138 2083 signum
1194 2031 1429 2085 Pompeius
1480 2031 1738 2084 Bithynicus

383 2122 431 2148 ex
503 2107 711 2160 Bithynia
783 2108 1124 2160 suspellectiliSJr
1201 2109 1343 2161 regiae
1414 2109 1600 2148 Romam
1666 2108 1735 2148 de-

381 2184 584 2238 portavit.
697 2183 715 2240 ΙΙ
742 2184 996 2225 Rutundam
1119 2184 1256 2225 aedem
1368 2184 1493 2235 Veste
1604 2185 1735 2225 Num-

383 2274 407 2301 a
491 2261 734 2314 Pompilius
817 2276 889 2302 rex
961 2262 1259 2302 Romanorum
1333 2274 1603 2302 consecrasse
1676 2261 1731 2300 vi-

383 2337 519 2385 detur,
576 2338 692 2391 quod
740 2337 922 2379 eandem
978 2352 1069 2379 esse
1107 2341 1281 2387 terram,
1339 2351 1425 2391 qua
1467 2338 1554 2378 vita
1596 2336 1733 2377 homi-

383 2427 490 2454 num
585 2416 917 2463 sustentaretur,
1012 2414 1238 2454 crediderit
1253 2430 1261 2454 :
1357 2426 1536 2466 eamque
1638 2413 1734 2465 pilae

380 2490 566 2531 formam
587 2497 603 2536 ψ
671 2504 777 2539 esse,
843 2493 891 2530 ut
954 2491 1016 2530 sui
1082 2490 1213 2530 simili
1274 2491 1438 2549 templo
1492 2490 1572 2530 dea
1624 2490 1730 2529 cole-

382 2570 512 2608 retur.
597 2564 615 2621 ΙΙ
644 2569 834 2607 Ruscum
911 2570 987 2615 est,
1049 2570 1096 2607 ut
1177 2567 1236 2607 ait
1319 2566 1506 2615 Verrius,
1582 2565 1734 2618 ampli-

382 2657 432 2684 us
514 2644 661 2696 paullo
744 2644 891 2692 herba,
975 2646 1016 2683 et
1097 2644 1290 2690 (3111111151ι
1367 2641 1563 2694 virgultis
1625 2641 1734 2681 fruc-

380 2720 636 2772 tibUS(1ue†‚
684 2733 774 2760 non
820 2719 1028 2759 dissimile
1068 2720 1209 2768 iunco,
1248 2718 1372 2758 cuius
1410 2716 1567 2758 coloris
1606 2717 1734 2757 rebus

381 2795 444 2834 uti
516 2796 719 2835 mulieres
789 2795 955 2845 solitae,
976 2801 992 2841 †
1062 2797 1372 2835 commemorat
1426 2792 1531 2835 Cato
1611 2794 1734 2845 origi-
