2072 3222
336 159 415 199 180
476 171 531 200 Qt'.
554 171 603 194 IX.
625 168 667 195 -21,
749 171 868 198 FESTI
884 170 1039 196 FRAGM.
1055 169 1081 194 E
1100 169 1192 196 COD.
1207 168 1330 196 FARN.
1346 169 1383 196 L.
1398 169 1488 197 XIII.
1643 174 1673 197 P.
1696 167 1742 193 171
1765 165 1804 190 M-

332 996 366 1020 10

333 1384 366 1408 15

332 1772 368 1796 20

400 301 514 328 unus
575 288 675 339 post
731 300 804 326 sex
857 289 898 326 et
948 288 1161 327 trecentos
1213 288 1266 328 ab
1318 287 1510 331 Etruscis
1561 292 1805 332 interfectos

400 364 626 417 superfuit,
700 361 918 403 inductisjr
991 363 1293 415 magnitudine
1368 364 1630 416 divitiarum,
1705 382 1804 409 uxo-

399 454 488 481 rem
542 438 662 479 duxit
714 438 867 480 Otacili
929 438 1238 489 Maleventani,
1298 443 1345 482 ut
1396 445 1489 483 tum
1542 443 1805 491 dicebantur,

398 517 489 558 filia
503 522 533 565 js,
548 530 599 557 ea
621 515 886 565 condicione,
906 518 954 556 ut
966 516 1037 569 qui
1065 516 1232 569 primus
1250 521 1377 558 natus
1402 522 1524 569 esset,
1538 521 1808 572 praenomine

400 594 468 635 avi
513 593 710 642 materni,
756 592 984 634 Numerius
1028 593 1334 646 appellaretur.
1418 592 1437 650 ΙΙ
1460 597 1555 636 Νο11
1602 596 1807 637 omnibus

401 669 587 710 dormio:
621 669 901 722 proverbium
934 669 1104 710 videtur
1132 672 1286 711 natum
1309 685 1333 712 a
1357 670 1479 725 Cipio
1505 672 1709 725 quodam,
1734 672 1808 726 qui

400 745 737 786 Pararhenchon
782 745 920 786 dictus
965 748 1041 795 est,
1087 746 1201 799 quod
1245 747 1472 789 simularet
1506 748 1806 794 dormientem,

402 836 485 875 quo
507 822 739 875 inpunitus
754 828 770 861 ⁴?-
793 836 898 863 uxor
933 823 1023 863 eius
1046 823 1362 872 moecharetur;
1386 824 1478 866 eius
1502 825 1703 865 meminit
1723 825 1809 865 Lu-

401 899 538 939 ciliuS.
641 897 941 954 HNu0111>ata†j-
974 900 1160 952 pecunia
1194 903 1270 947 est,
1305 904 1351 941 ut
1386 901 1442 942 ait
1475 901 1649 942 Cincius
1682 901 1726 940 in
1759 901 1808 941 L.

402 975 455 1015 II.
510 974 560 1015 de
613 975 754 1015 officio
818 975 1124 1025 iurisconsulti,
1188 977 1415 1026 noiiiina†,
1479 979 1607 1025 certa,
1669 977 1807 1017 nomi-

401 1052 531 1092 nibus
563 1052 748 1105 propriis
780 1052 1084 1105 pronuntiata:
1138 1070 1150 1088 u
1162 1065 1261 1092 cum
1295 1066 1455 1093 nexum
1488 1053 1617 1093 faciet
1649 1054 1813 1093 manci-

401 1130 621 1182 piumque,
646 1129 707 1169 uti
729 1128 881 1180 lingua
904 1132 1200 1181 nuncupasset
1214 1135 1244 1176 †,
1279 1130 1335 1170 ita
1370 1129 1435 1169 ius
1470 1132 1672 1170 eostom:
1720 1129 1809 1168 ita*

402 1205 464 1246 uti
526 1207 778 1254 nominarit,
841 1206 1065 1246 locutusve
1129 1205 1221 1254 erit,
1291 1205 1347 1246 ita
1411 1207 1477 1245 ius
1541 1208 1645 1246 esto.²
1710 1208 1811 1247 Vota

402 1284 654 1335 nuncupata
707 1281 923 1330 dicuntur,
979 1295 1073 1334 quae
1142 1281 1366 1331 Consules,
1432 1281 1654 1330 Praetores,
1711 1295 1809 1321 cum

402 1360 448 1398 in
471 1358 738 1411 provinciam
770 1357 1113 1411 proficiscuntur,
1146 1358 1333 1398 faciunt:
1370 1371 1420 1398 ea
1442 1358 1486 1397 in
1510 1358 1680 1398 tabulas
1702 1371 1808 1410 prze-

403 1435 598 1476 sentibus
661 1435 808 1475 multis
870 1435 1129 1476 referuntur.
1191 1434 1284 1480 AdJJs
1339 1434 1495 1475 Santra
1547 1433 1595 1474 L.
1650 1434 1704 1475 Π.
1759 1434 1811 1474 de

402 1513 627 1552 verborum
731 1513 1002 1564 antiquitate,
1106 1513 1209 1551 satis
1301 1511 1448 1551 multis
1542 1512 1810 1563 nuncupata,

403 1587 590 1637 conligit,
654 1600 743 1627 non
807 1586 856 1625 de
919 1590 1065 1632 1'ecto†
1134 1587 1360 1628 nominata
1421 1587 1676 1639 significare,
1739 1586 1810 1626 sed

402 1662 631 1716 promissa,
686 1666 725 1703 et
787 1662 907 1715 quasi
967 1662 1206 1710 testificata,
1272 1663 1602 1716 circumscripta,
1666 1676 1811 1715 recep-

402 1742 459 1789 ta,
515 1740 629 1793 quod
682 1741 811 1781 etiam
863 1739 907 1779 in
960 1741 1072 1780 votis
1135 1739 1440 1792 nuncupandis
1503 1752 1594 1779 esse
1657 1752 1810 1779 conve-

403 1817 609 1857 nientius.
827 1814 845 1870 ΙΙ
870 1816 1166 1857 Nusciciosum
1228 1815 1376 1857 Ateius
1440 1815 1690 1868 Philologus
1753 1815 1813 1856 ait

404 1893 615 1946 appellari
657 1893 845 1941 solitum,
878 1893 950 1946 qui
981 1895 1158 1946 propter
1190 1893 1415 1933 oculorum
1459 1892 1613 1932 vitium
1656 1905 1812 1945 parum

404 1969 578 2011 videret.
671 1969 761 2017 Ad†
815 1969 1039 2023 Popilium
1100 1970 1298 2009 Aurelius
1352 1970 1656 2015 nusciciones†
1719 1981 1813 2009 esse

405 2046 678 2087 caecitudines
722 2048 973 2087 nocturnas.
1036 2045 1182 2086 Aelius
1227 2044 1347 2093 Stilo,
1399 2045 1470 2098 qui
1515 2045 1612 2098 plus
1650 2044 1811 2085 videret

355 2148 369 2171 5
403 2123 584 2176 vesperi,
621 2136 752 2175 quam
787 2121 978 2170 meridie,
1014 2136 1090 2162 nec
1124 2123 1411 2173 cognosceret,
1435 2120 1520 2161 nisi
1541 2120 1653 2173 quod
1676 2134 1811 2173 usque

405 2199 459 2240 ad
489 2200 633 2240 oculos
666 2199 942 2239 admovisset.
1036 2195 1053 2252 ΙΙ
1077 2199 1219 2238 Nonas
1258 2197 1434 2250 quidam
1467 2211 1491 2238 a
1523 2210 1637 2238 nova
1668 2196 1812 2246 Luna,

406 2276 522 2329 quod
536 2276 581 2316 in
596 2290 668 2317 eas
683 2277 956 2316 concurreret
967 2275 1231 2328 principium
1241 2273 1377 2315 Lunze
1399 2273 1628 2326 :alii,quod
1642 2287 1813 2326 semper
1871 2296 1874 2300 ·

406 2355 505 2393 ante
550 2353 663 2393 diem
707 2352 864 2393 Iduum
910 2365 1077 2392 nonum
1117 2353 1274 2400 essent,
1307 2350 1518 2403 scribique
1551 2349 1648 2390 ideo
1684 2349 1809 2390 debe-

405 2443 449 2470 re
492 2430 677 2483 primam
721 2428 1026 2482 appella-tionis
1072 2428 1161 2469 eius
1207 2427 1422 2480 syllabam
1467 2426 1631 2467 adiecta
1668 2439 1710 2465 u.
1744 2426 1809 2465 lit-

336 2524 371 2547 30
404 2509 508 2547 tera.
661 2503 679 2560 ΙΙ
702 2506 927 2547 Nundinas
980 2505 1218 2545 feriarum†
1272 2504 1384 2545 diem
1439 2517 1530 2544 esse
1585 2503 1813 2543 voluerunt

408 2583 588 2636 antiqui,
668 2586 716 2623 ut
796 2582 943 2623 rustici
1032 2581 1312 2621 convenirent
1394 2579 1627 2629 mercandi,
1712 2593 1811 2620 ven-

408 2659 622 2712 dendique
646 2672 790 2708 causa,
813 2671 998 2710 eumque
1022 2657 1254 2705 nefastum,
1277 2671 1331 2698 ne
1353 2657 1501 2697 liceret
1522 2669 1618 2696 cum
1647 2656 1811 2709 populo

408 2738 490 2785 agi,
552 2735 932 2788 interpellarentur
992 2733 1321 2773 nundinatores.
1546 2729 1565 2787 ΙΙ
1586 2731 1815 2772 Nundina·
