<?xml version="1.0" encoding="UTF-8"?>
<!DOCTYPE html PUBLIC "-//W3C//DTD XHTML 1.0 Transitional//EN"
    "http://www.w3.org/TR/xhtml1/DTD/xhtml1-transitional.dtd">
<html xmlns="http://www.w3.org/1999/xhtml" xml:lang="en" lang="en">
 <head>
  <title>
</title>
<meta http-equiv="Content-Type" content="text/html;charset=utf-8" />
  <meta name='ocr-system' content='tesseract 3.04.00' />
  <meta name='ocr-capabilities' content='ocr_page ocr_carea ocr_par ocr_line ocrx_word'/>
</head>
<body>
  <div class='ocr_page' id='page_1' title='image "./deverborumsignif00festuoft_0078.png"; bbox 0 0 2072 3222; ppageno 0'>
   <div class='ocr_carea' id='block_1_1' title="bbox 346 159 1824 200">
    <p class='ocr_par' dir='ltr' id='par_1_1' title="bbox 346 159 1824 200">
     <span class='ocr_line' id='line_1_1' title="bbox 346 159 1824 200; baseline -0.003 0"><span class='ocrx_word' id='word_1_1' title='bbox 346 159 402 200; x_wconf 53' lang='lat'>64:</span> <span class='ocrx_word' id='word_1_2' title='bbox 662 171 785 199; x_wconf 78' lang='lat' dir='ltr'>PAULI</span> <span class='ocrx_word' id='word_1_3' title='bbox 808 171 1024 198; x_wconf 67' lang='lat' dir='ltr'>EXCERPTA</span> <span class='ocrx_word' id='word_1_4' title='bbox 1047 171 1102 198; x_wconf 86' lang='lat' dir='ltr'>EX</span> <span class='ocrx_word' id='word_1_5' title='bbox 1124 171 1207 198; x_wconf 88' lang='lat' dir='ltr'>LIB.</span> <span class='ocrx_word' id='word_1_6' title='bbox 1231 171 1355 199; x_wconf 84' lang='lat' dir='ltr'>POMP.</span> <span class='ocrx_word' id='word_1_7' title='bbox 1380 171 1500 199; x_wconf 80' lang='lat' dir='ltr'><strong>FESTI</strong></span> <span class='ocrx_word' id='word_1_8' title='bbox 1718 170 1824 196; x_wconf 76' lang='lat'>89—91</span> 
     </span>
    </p>
   </div>
   <div class='ocr_carea' id='block_1_2' title="bbox 246 285 1832 2873">
    <p class='ocr_par' dir='ltr' id='par_1_2' title="bbox 405 285 1826 398">
     <span class='ocr_line' id='line_1_2' title="bbox 406 285 1826 336; baseline 0 -8"><span class='ocrx_word' id='word_1_9' title='bbox 406 287 577 328; x_wconf 81' lang='lat' dir='ltr'>assidue</span> <span class='ocrx_word' id='word_1_10' title='bbox 600 286 804 327; x_wconf 87' lang='lat' dir='ltr'>utebatur</span> <span class='ocrx_word' id='word_1_11' title='bbox 826 285 1062 334; x_wconf 86' lang='lat' dir='ltr'>flaminica,</span> <span class='ocrx_word' id='word_1_12' title='bbox 1100 285 1142 326; x_wconf 91' lang='lat' dir='ltr'>id</span> <span class='ocrx_word' id='word_1_13' title='bbox 1165 288 1231 326; x_wconf 88' lang='lat' dir='ltr'>est</span> <span class='ocrx_word' id='word_1_14' title='bbox 1265 285 1456 327; x_wconf 86' lang='lat' dir='ltr'>flaminis</span> <span class='ocrx_word' id='word_1_15' title='bbox 1480 300 1600 336; x_wconf 75' lang='lat' dir='ltr'>uxor,</span> <span class='ocrx_word' id='word_1_16' title='bbox 1636 288 1704 328; x_wconf 86' lang='lat' dir='ltr'>cui</span> <span class='ocrx_word' id='word_1_17' title='bbox 1736 300 1826 329; x_wconf 91' lang='lat' dir='ltr'>non</span> 
     </span>
     <span class='ocr_line' id='line_1_3' title="bbox 405 355 999 398; baseline -0.003 -1"><span class='ocrx_word' id='word_1_18' title='bbox 405 357 564 398; x_wconf 77' lang='lat' dir='ltr'>licebat</span> <span class='ocrx_word' id='word_1_19' title='bbox 586 356 726 398; x_wconf 82' lang='lat' dir='ltr'>facere</span> <span class='ocrx_word' id='word_1_20' title='bbox 751 355 999 396; x_wconf 79' lang='lat' dir='ltr'>divortium.</span> 
     </span>
    </p>

    <p class='ocr_par' dir='ltr' id='par_1_3' title="bbox 346 425 1747 479">
     <span class='ocr_line' id='line_1_4' title="bbox 346 425 1747 479; baseline 0 -11"><span class='ocrx_word' id='word_1_21' title='bbox 346 427 575 468; x_wconf 84' lang='lat' dir='ltr'>Fidusta</span> <span class='ocrx_word' id='word_1_22' title='bbox 597 440 622 467; x_wconf 91' lang='lat' dir='ltr'>a</span> <span class='ocrx_word' id='word_1_23' title='bbox 644 426 727 467; x_wconf 87' lang='lat' dir='ltr'>fide</span> <span class='ocrx_word' id='word_1_24' title='bbox 751 425 1050 475; x_wconf 87' lang='lat' dir='ltr'>denominata,</span> <span class='ocrx_word' id='word_1_25' title='bbox 1076 439 1125 467; x_wconf 87' lang='lat' dir='ltr'>ea</span> <span class='ocrx_word' id='word_1_26' title='bbox 1149 440 1243 479; x_wconf 83' lang='lat' dir='ltr'>quae</span> <span class='ocrx_word' id='word_1_27' title='bbox 1266 427 1465 468; x_wconf 76' lang='lat' dir='ltr'>maximae</span> <span class='ocrx_word' id='word_1_28' title='bbox 1488 427 1589 468; x_wconf 88' lang='lat' dir='ltr'>fidei</span> <span class='ocrx_word' id='word_1_29' title='bbox 1613 430 1747 469; x_wconf 87' lang='lat' dir='ltr'>erant.</span> 
     </span>
    </p>

    <p class='ocr_par' dir='ltr' id='par_1_4' title="bbox 346 496 1826 551">
     <span class='ocr_line' id='line_1_5' title="bbox 346 496 1826 551; baseline 0.001 -12"><span class='ocrx_word' id='word_1_30' title='bbox 346 498 514 540; x_wconf 81' lang='lat' dir='ltr'>Fides</span> <span class='ocrx_word' id='word_1_31' title='bbox 551 511 689 551; x_wconf 81' lang='lat' dir='ltr'>genus</span> <span class='ocrx_word' id='word_1_32' title='bbox 728 496 902 538; x_wconf 74' lang='lat' dir='ltr'>citharae</span> <span class='ocrx_word' id='word_1_33' title='bbox 940 497 1065 547; x_wconf 82' lang='lat' dir='ltr'>dicta,</span> <span class='ocrx_word' id='word_1_34' title='bbox 1102 497 1219 550; x_wconf 89' lang='lat' dir='ltr'>quod</span> <span class='ocrx_word' id='word_1_35' title='bbox 1253 499 1425 540; x_wconf 86' lang='lat' dir='ltr'>tantum</span> <span class='ocrx_word' id='word_1_36' title='bbox 1460 499 1573 539; x_wconf 87' lang='lat' dir='ltr'>inter</span> <span class='ocrx_word' id='word_1_37' title='bbox 1609 512 1652 539; x_wconf 85' lang='lat' dir='ltr'>se</span> <span class='ocrx_word' id='word_1_38' title='bbox 1688 498 1826 540; x_wconf 78' lang='lat' dir='ltr'>cordae</span> 
     </span>
    </p>

    <p class='ocr_par' dir='ltr' id='par_1_5' title="bbox 287 568 1826 695">
     <span class='ocr_line' id='line_1_6' title="bbox 287 568 1826 622; baseline -0.001 -11"><span class='ocrx_word' id='word_1_39' title='bbox 287 586 301 611; x_wconf 84' lang='lat'>5</span> <span class='ocrx_word' id='word_1_40' title='bbox 407 571 511 616; x_wconf 79' lang='lat' dir='ltr'>eius,</span> <span class='ocrx_word' id='word_1_41' title='bbox 535 570 747 622; x_wconf 87' lang='lat' dir='ltr'>quantum</span> <span class='ocrx_word' id='word_1_42' title='bbox 770 570 883 609; x_wconf 81' lang='lat' dir='ltr'>inter</span> <span class='ocrx_word' id='word_1_43' title='bbox 911 568 1114 609; x_wconf 89' lang='lat' dir='ltr'>homines</span> <span class='ocrx_word' id='word_1_44' title='bbox 1138 568 1244 610; x_wconf 89' lang='lat' dir='ltr'>fides</span> <span class='ocrx_word' id='word_1_45' title='bbox 1268 568 1524 616; x_wconf 56' lang='lat' dir='ltr'>concorden</span> <span class='ocrx_word' id='word_1_46' title='bbox 1550 569 1671 610; x_wconf 86' lang='lat' dir='ltr'>ouius</span> <span class='ocrx_word' id='word_1_47' title='bbox 1695 569 1826 610; x_wconf 88' lang='lat' dir='ltr'>demi-</span> 
     </span>
     <span class='ocr_line' id='line_1_7' title="bbox 405 635 909 695; baseline 0 -16"><span class='ocrx_word' id='word_1_48' title='bbox 405 639 609 679; x_wconf 81' lang='lat' dir='ltr'>nutivum</span> <span class='ocrx_word' id='word_1_49' title='bbox 626 635 807 695; x_wconf 71' lang='lat' dir='ltr'>fidicula</span> <span class='ocrx_word' id='word_1_50' title='bbox 834 641 909 679; x_wconf 85' lang='lat' dir='ltr'>est.</span> 
     </span>
    </p>

    <p class='ocr_par' dir='ltr' id='par_1_6' title="bbox 347 708 769 749">
     <span class='ocr_line' id='line_1_8' title="bbox 347 708 769 749; baseline -0.002 0"><span class='ocrx_word' id='word_1_51' title='bbox 347 708 571 749; x_wconf 76' lang='lat' dir='ltr'>Fixulas</span> <span class='ocrx_word' id='word_1_52' title='bbox 597 708 769 749; x_wconf 85' lang='lat' dir='ltr'>fibulas.</span> 
     </span>
    </p>

    <p class='ocr_par' dir='ltr' id='par_1_7' title="bbox 347 778 1829 902">
     <span class='ocr_line' id='line_1_9' title="bbox 347 778 1829 832; baseline 0.001 -14"><span class='ocrx_word' id='word_1_53' title='bbox 347 778 616 820; x_wconf 76' lang='lat' dir='ltr'>Fiscellus</span> <span class='ocrx_word' id='word_1_54' title='bbox 640 778 753 820; x_wconf 84' lang='lat' dir='ltr'>casei</span> <span class='ocrx_word' id='word_1_55' title='bbox 787 779 932 819; x_wconf 88' lang='lat' dir='ltr'>mollis</span> <span class='ocrx_word' id='word_1_56' title='bbox 962 781 1193 832; x_wconf 75' lang='lat' dir='ltr'>appetitor,</span> <span class='ocrx_word' id='word_1_57' title='bbox 1229 781 1276 819; x_wconf 91' lang='lat' dir='ltr'>ut</span> <span class='ocrx_word' id='word_1_58' title='bbox 1299 778 1554 820; x_wconf 77' lang='lat' dir='ltr'>catillones*</span> <span class='ocrx_word' id='word_1_59' title='bbox 1580 780 1829 821; x_wconf 87' lang='lat' dir='ltr'>catillorum</span> 
     </span>
     <span class='ocr_line' id='line_1_10' title="bbox 407 849 687 902; baseline 0 -13"><span class='ocrx_word' id='word_1_60' title='bbox 407 849 687 902; x_wconf 84' lang='lat' dir='ltr'>ligurritores.</span> 
     </span>
    </p>

    <p class='ocr_par' dir='ltr' id='par_1_8' title="bbox 246 918 1829 1173">
     <span class='ocr_line' id='line_1_11' title="bbox 246 918 1829 982; baseline 0.001 -22"><span class='ocrx_word' id='word_1_61' title='bbox 246 937 249 982; x_wconf 37' lang='grc' dir='ltr'>ι</span> <span class='ocrx_word' id='word_1_62' title='bbox 288 936 323 960; x_wconf 85' lang='lat'>10</span> <span class='ocrx_word' id='word_1_63' title='bbox 347 919 518 960; x_wconf 83' lang='lat' dir='ltr'>Fiber</span> <span class='ocrx_word' id='word_1_64' title='bbox 551 933 689 972; x_wconf 81' lang='lat' dir='ltr'>genus</span> <span class='ocrx_word' id='word_1_65' title='bbox 722 918 898 960; x_wconf 74' lang='lat' dir='ltr'>bestiae*</span> <span class='ocrx_word' id='word_1_66' title='bbox 939 919 1185 973; x_wconf 81' lang='lat' dir='ltr'>quadripes.</span> <span class='ocrx_word' id='word_1_67' title='bbox 1225 920 1429 961; x_wconf 87' lang='lat' dir='ltr'>Plautus:</span> <span class='ocrx_word' id='word_1_68' title='bbox 1473 920 1564 962; x_wconf 72' lang='lat' dir='ltr'>«Sic</span> <span class='ocrx_word' id='word_1_69' title='bbox 1597 934 1665 962; x_wconf 93' lang='lat' dir='ltr'>me</span> <span class='ocrx_word' id='word_1_70' title='bbox 1701 921 1829 962; x_wconf 88' lang='lat' dir='ltr'>subes</span> 
     </span>
     <span class='ocr_line' id='line_1_12' title="bbox 407 989 1829 1043; baseline 0.001 -12"><span class='ocrx_word' id='word_1_71' title='bbox 407 989 593 1039; x_wconf 73' lang='lat' dir='ltr'>cottidie,</span> <span class='ocrx_word' id='word_1_72' title='bbox 618 990 743 1043; x_wconf 86' lang='lat' dir='ltr'>quasi</span> <span class='ocrx_word' id='word_1_73' title='bbox 766 990 872 1031; x_wconf 83' lang='lat' dir='ltr'>fiber</span> <span class='ocrx_word' id='word_1_74' title='bbox 907 990 1138 1039; x_wconf 84' lang='lat' dir='ltr'>salicem»;</span> <span class='ocrx_word' id='word_1_75' title='bbox 1176 1004 1262 1043; x_wconf 92' lang='lat' dir='ltr'>quo</span> <span class='ocrx_word' id='word_1_76' title='bbox 1297 992 1476 1032; x_wconf 88' lang='lat' dir='ltr'>nomine</span> <span class='ocrx_word' id='word_1_77' title='bbox 1510 993 1710 1032; x_wconf 52' lang='lat' dir='ltr'>extremes</span> <span class='ocrx_word' id='word_1_78' title='bbox 1746 1005 1829 1033; x_wconf 76' lang='lat' dir='ltr'>orae</span> 
     </span>
     <span class='ocr_line' id='line_1_13' title="bbox 406 1059 1829 1118; baseline 0.002 -17"><span class='ocrx_word' id='word_1_79' title='bbox 406 1061 600 1102; x_wconf 88' lang='lat' dir='ltr'>fluminis</span> <span class='ocrx_word' id='word_1_80' title='bbox 624 1061 918 1114; x_wconf 81' lang='lat' dir='ltr'>appellantur.</span> <span class='ocrx_word' id='word_1_81' title='bbox 946 1061 1071 1102; x_wconf 86' lang='lat' dir='ltr'>Unde</span> <span class='ocrx_word' id='word_1_82' title='bbox 1095 1063 1135 1101; x_wconf 87' lang='lat' dir='ltr'>et</span> <span class='ocrx_word' id='word_1_83' title='bbox 1154 1059 1287 1115; x_wconf 70' lang='lat' dir='ltr'>fibras</span> <span class='ocrx_word' id='word_1_84' title='bbox 1309 1061 1553 1103; x_wconf 83' lang='lat' dir='ltr'>iocinerum</span> <span class='ocrx_word' id='word_1_85' title='bbox 1577 1059 1829 1118; x_wconf 67' lang='lat' dir='ltr'>etfimlm&#39;as</span> 
     </span>
     <span class='ocr_line' id='line_1_14' title="bbox 406 1131 993 1173; baseline 0 -2"><span class='ocrx_word' id='word_1_86' title='bbox 406 1132 769 1173; x_wconf 80' lang='lat' dir='ltr'>vestimentorum</span> <span class='ocrx_word' id='word_1_87' title='bbox 795 1131 993 1172; x_wconf 80' lang='lat' dir='ltr'>dicimus.</span> 
     </span>
    </p>

    <p class='ocr_par' dir='ltr' id='par_1_9' title="bbox 347 1201 888 1251">
     <span class='ocr_line' id='line_1_15' title="bbox 347 1201 888 1251; baseline 0 -9"><span class='ocrx_word' id='word_1_88' title='bbox 347 1201 576 1251; x_wconf 77' lang='lat' dir='ltr'>Fratria‚</span> <span class='ocrx_word' id='word_1_89' title='bbox 600 1215 709 1243; x_wconf 75' lang='lat' dir='ltr'>uxor</span> <span class='ocrx_word' id='word_1_90' title='bbox 730 1202 888 1242; x_wconf 82' lang='lat' dir='ltr'>fratris.</span> 
     </span>
    </p>

    <p class='ocr_par' dir='ltr' id='par_1_10' title="bbox 289 1272 1832 1396">
     <span class='ocr_line' id='line_1_16' title="bbox 289 1272 1832 1326; baseline 0.001 -13"><span class='ocrx_word' id='word_1_91' title='bbox 289 1290 322 1314; x_wconf 87' lang='lat'>15</span> <span class='ocrx_word' id='word_1_92' title='bbox 347 1272 575 1313; x_wconf 76' lang='lat' dir='ltr'>Frivola</span> <span class='ocrx_word' id='word_1_93' title='bbox 597 1275 700 1313; x_wconf 90' lang='lat' dir='ltr'>sunt</span> <span class='ocrx_word' id='word_1_94' title='bbox 722 1275 896 1326; x_wconf 80' lang='lat' dir='ltr'>proprie</span> <span class='ocrx_word' id='word_1_95' title='bbox 920 1285 1023 1313; x_wconf 82' lang='lat' dir='ltr'>vasa</span> <span class='ocrx_word' id='word_1_96' title='bbox 1046 1273 1195 1314; x_wconf 87' lang='lat' dir='ltr'>fictilia</span> <span class='ocrx_word' id='word_1_97' title='bbox 1218 1286 1391 1326; x_wconf 86' lang='lat' dir='ltr'>quassa.</span> <span class='ocrx_word' id='word_1_98' title='bbox 1416 1273 1541 1314; x_wconf 84' lang='lat' dir='ltr'>Unde</span> <span class='ocrx_word' id='word_1_99' title='bbox 1566 1272 1675 1313; x_wconf 79' lang='lat' dir='ltr'>dicta</span> <span class='ocrx_word' id='word_1_100' title='bbox 1700 1273 1832 1314; x_wconf 85' lang='lat' dir='ltr'>verba</span> 
     </span>
     <span class='ocr_line' id='line_1_17' title="bbox 406 1342 1322 1396; baseline 0.001 -13"><span class='ocrx_word' id='word_1_101' title='bbox 406 1344 575 1390; x_wconf 86' lang='lat' dir='ltr'>frivola,</span> <span class='ocrx_word' id='word_1_102' title='bbox 601 1357 695 1396; x_wconf 77' lang='lat' dir='ltr'>quae</span> <span class='ocrx_word' id='word_1_103' title='bbox 719 1345 866 1384; x_wconf 90' lang='lat' dir='ltr'>minus</span> <span class='ocrx_word' id='word_1_104' title='bbox 891 1346 993 1384; x_wconf 91' lang='lat' dir='ltr'>sunt</span> <span class='ocrx_word' id='word_1_105' title='bbox 1016 1342 1098 1384; x_wconf 85' lang='lat' dir='ltr'>fide</span> <span class='ocrx_word' id='word_1_106' title='bbox 1123 1343 1322 1384; x_wconf 73' lang='lat' dir='ltr'>subnixa.</span> 
     </span>
    </p>

    <p class='ocr_par' dir='ltr' id='par_1_11' title="bbox 348 1413 1769 1470">
     <span class='ocr_line' id='line_1_18' title="bbox 348 1413 1769 1470; baseline 0 -16"><span class='ocrx_word' id='word_1_107' title='bbox 348 1414 543 1454; x_wconf 77' lang='lat' dir='ltr'>Frater</span> <span class='ocrx_word' id='word_1_108' title='bbox 566 1428 590 1454; x_wconf 89' lang='lat' dir='ltr'>a</span> <span class='ocrx_word' id='word_1_109' title='bbox 613 1413 762 1455; x_wconf 69' lang='lat' dir='ltr'>Graeco</span> <span class='ocrx_word' id='word_1_110' title='bbox 785 1414 922 1454; x_wconf 88' lang='lat' dir='ltr'>dictus</span> <span class='ocrx_word' id='word_1_111' title='bbox 947 1417 1010 1455; x_wconf 87' lang='lat' dir='ltr'>est</span> <span class='ocrx_word' id='word_1_112' title='bbox 1033 1418 1203 1470; x_wconf 68' lang='grc' dir='ltr'>φρήτρη,</span> <span class='ocrx_word' id='word_1_113' title='bbox 1228 1414 1295 1454; x_wconf 82' lang='lat' dir='ltr'>vel</span> <span class='ocrx_word' id='word_1_114' title='bbox 1320 1413 1435 1467; x_wconf 88' lang='lat' dir='ltr'>quod</span> <span class='ocrx_word' id='word_1_115' title='bbox 1459 1415 1513 1454; x_wconf 89' lang='lat' dir='ltr'>sit</span> <span class='ocrx_word' id='word_1_116' title='bbox 1536 1413 1623 1455; x_wconf 88' lang='lat' dir='ltr'>fere</span> <span class='ocrx_word' id='word_1_117' title='bbox 1648 1414 1769 1455; x_wconf 83' lang='lat' dir='ltr'>alter.</span> 
     </span>
    </p>

    <p class='ocr_par' dir='ltr' id='par_1_12' title="bbox 348 1484 1435 1538">
     <span class='ocr_line' id='line_1_19' title="bbox 348 1484 1435 1538; baseline -0.001 -14"><span class='ocrx_word' id='word_1_118' title='bbox 348 1484 617 1525; x_wconf 85' lang='lat' dir='ltr'>Frontem</span> <span class='ocrx_word' id='word_1_119' title='bbox 640 1485 808 1537; x_wconf 86' lang='lat' dir='ltr'>antiqui</span> <span class='ocrx_word' id='word_1_120' title='bbox 831 1485 1075 1526; x_wconf 88' lang='lat' dir='ltr'>masculino</span> <span class='ocrx_word' id='word_1_121' title='bbox 1098 1499 1255 1538; x_wconf 84' lang='lat' dir='ltr'>genere</span> <span class='ocrx_word' id='word_1_122' title='bbox 1281 1485 1435 1526; x_wconf 78' lang='lat' dir='ltr'>dixere.</span> 
     </span>
    </p>

    <p class='ocr_par' dir='ltr' id='par_1_13' title="bbox 348 1555 1302 1597">
     <span class='ocr_line' id='line_1_20' title="bbox 348 1555 1302 1597; baseline 0 -2"><span class='ocrx_word' id='word_1_123' title='bbox 348 1555 657 1596; x_wconf 84' lang='lat' dir='ltr'>Fremitum</span> <span class='ocrx_word' id='word_1_124' title='bbox 680 1555 843 1596; x_wconf 89' lang='lat' dir='ltr'>dictum</span> <span class='ocrx_word' id='word_1_125' title='bbox 866 1557 985 1596; x_wconf 85' lang='lat' dir='ltr'>velut</span> <span class='ocrx_word' id='word_1_126' title='bbox 1007 1556 1302 1597; x_wconf 78' lang='lat' dir='ltr'>serimentum.</span> 
     </span>
    </p>

    <p class='ocr_par' dir='ltr' id='par_1_14' title="bbox 290 1625 1173 1680">
     <span class='ocr_line' id='line_1_21' title="bbox 290 1625 1173 1680; baseline 0 -14"><span class='ocrx_word' id='word_1_127' title='bbox 290 1643 324 1666; x_wconf 76' lang='lat'>20</span> <span class='ocrx_word' id='word_1_128' title='bbox 350 1625 604 1666; x_wconf 74' lang='lat' dir='ltr'>Fracffli*</span> <span class='ocrx_word' id='word_1_129' title='bbox 629 1626 724 1666; x_wconf 90' lang='lat' dir='ltr'>villi</span> <span class='ocrx_word' id='word_1_130' title='bbox 747 1626 911 1667; x_wconf 85' lang='lat' dir='ltr'>sordidi</span> <span class='ocrx_word' id='word_1_131' title='bbox 933 1629 979 1667; x_wconf 90' lang='lat' dir='ltr'>in</span> <span class='ocrx_word' id='word_1_132' title='bbox 1002 1628 1173 1680; x_wconf 82' lang='lat' dir='ltr'>tapetis.</span> 
     </span>
    </p>

    <p class='ocr_par' dir='ltr' id='par_1_15' title="bbox 349 1696 1018 1750">
     <span class='ocr_line' id='line_1_22' title="bbox 349 1696 1018 1750; baseline 0.001 -14"><span class='ocrx_word' id='word_1_133' title='bbox 349 1696 678 1746; x_wconf 82' lang='lat' dir='ltr'>Fracebunt‚</span> <span class='ocrx_word' id='word_1_134' title='bbox 712 1697 1018 1750; x_wconf 84' lang='lat' dir='ltr'>displicebunt.</span> 
     </span>
    </p>

    <p class='ocr_par' dir='ltr' id='par_1_16' title="bbox 349 1766 1831 1879">
     <span class='ocr_line' id='line_1_23' title="bbox 349 1766 1831 1821; baseline 0 -15"><span class='ocrx_word' id='word_1_135' title='bbox 349 1767 579 1818; x_wconf 69' lang='lat' dir='ltr'>ForagQ</span> <span class='ocrx_word' id='word_1_136' title='bbox 614 1767 750 1816; x_wconf 89' lang='lat' dir='ltr'>filum,</span> <span class='ocrx_word' id='word_1_137' title='bbox 788 1781 873 1820; x_wconf 91' lang='lat' dir='ltr'>quo</span> <span class='ocrx_word' id='word_1_138' title='bbox 897 1770 1095 1808; x_wconf 80' lang='lat' dir='ltr'>textrices</span> <span class='ocrx_word' id='word_1_139' title='bbox 1119 1767 1325 1808; x_wconf 84' lang='lat' dir='ltr'>diurnum</span> <span class='ocrx_word' id='word_1_140' title='bbox 1350 1781 1458 1821; x_wconf 89' lang='lat' dir='ltr'>opus</span> <span class='ocrx_word' id='word_1_141' title='bbox 1482 1766 1770 1819; x_wconf 75' lang='lat' dir='ltr'>distinguunt,</span> <span class='ocrx_word' id='word_1_142' title='bbox 1806 1780 1831 1806; x_wconf 82' lang='lat' dir='ltr'>a</span> 
     </span>
     <span class='ocr_line' id='line_1_24' title="bbox 408 1837 794 1879; baseline 0.005 -3"><span class='ocrx_word' id='word_1_143' title='bbox 408 1837 593 1878; x_wconf 76' lang='lat' dir='ltr'>forando</span> <span class='ocrx_word' id='word_1_144' title='bbox 617 1838 794 1879; x_wconf 88' lang='lat' dir='ltr'>dictum.</span> 
     </span>
    </p>

    <p class='ocr_par' dir='ltr' id='par_1_17' title="bbox 351 1906 1206 1961">
     <span class='ocr_line' id='line_1_25' title="bbox 351 1906 1206 1961; baseline 0.002 -15"><span class='ocrx_word' id='word_1_145' title='bbox 351 1906 602 1948; x_wconf 81' lang='lat' dir='ltr'>Frutinal</span> <span class='ocrx_word' id='word_1_146' title='bbox 631 1908 845 1961; x_wconf 84' lang='lat' dir='ltr'>templum</span> <span class='ocrx_word' id='word_1_147' title='bbox 869 1907 1047 1948; x_wconf 70' lang='lat' dir='ltr'>Veneris</span> <span class='ocrx_word' id='word_1_148' title='bbox 1071 1908 1206 1949; x_wconf 82' lang='lat' dir='ltr'>Fruti.</span> 
     </span>
    </p>

    <p class='ocr_par' dir='ltr' id='par_1_18' title="bbox 290 1977 1831 2101">
     <span class='ocr_line' id='line_1_26' title="bbox 290 1977 1831 2031; baseline 0 -14"><span class='ocrx_word' id='word_1_149' title='bbox 290 1995 323 2018; x_wconf 75' lang='lat'>25</span> <span class='ocrx_word' id='word_1_150' title='bbox 350 1977 617 2029; x_wconf 77' lang='lat' dir='ltr'>Fringilla</span> <span class='ocrx_word' id='word_1_151' title='bbox 640 1980 730 2018; x_wconf 79' lang='lat' dir='ltr'>avis</span> <span class='ocrx_word' id='word_1_152' title='bbox 755 1978 881 2027; x_wconf 82' lang='lat' dir='ltr'>dicta,</span> <span class='ocrx_word' id='word_1_153' title='bbox 906 1978 1022 2031; x_wconf 88' lang='lat' dir='ltr'>quod</span> <span class='ocrx_word' id='word_1_154' title='bbox 1045 1979 1203 2031; x_wconf 80' lang='lat' dir='ltr'>frigore</span> <span class='ocrx_word' id='word_1_155' title='bbox 1229 1981 1371 2019; x_wconf 87' lang='lat' dir='ltr'>cantet</span> <span class='ocrx_word' id='word_1_156' title='bbox 1397 1980 1436 2018; x_wconf 83' lang='lat' dir='ltr'>et</span> <span class='ocrx_word' id='word_1_157' title='bbox 1460 1979 1602 2030; x_wconf 77' lang='lat' dir='ltr'>vigeat</span> <span class='ocrx_word' id='word_1_158' title='bbox 1617 1993 1625 2025; x_wconf 89' lang='lat'>;</span> <span class='ocrx_word' id='word_1_159' title='bbox 1652 1977 1765 2017; x_wconf 87' lang='lat' dir='ltr'>unde</span> <span class='ocrx_word' id='word_1_160' title='bbox 1791 1979 1831 2017; x_wconf 87' lang='lat' dir='ltr'>et</span> 
     </span>
     <span class='ocr_line' id='line_1_27' title="bbox 404 2046 636 2101; baseline 0.004 -13"><span class='ocrx_word' id='word_1_161' title='bbox 404 2046 636 2101; x_wconf 62' lang='lat' dir='ltr'>frissnttz&#39;re.</span> 
     </span>
    </p>

    <p class='ocr_par' dir='ltr' id='par_1_19' title="bbox 352 2118 1829 2314">
     <span class='ocr_line' id='line_1_28' title="bbox 352 2118 1829 2172; baseline -0.001 -14"><span class='ocrx_word' id='word_1_162' title='bbox 352 2119 610 2160; x_wconf 78' lang='lat' dir='ltr'>Fratrare</span> <span class='ocrx_word' id='word_1_163' title='bbox 646 2132 883 2172; x_wconf 87' lang='lat' dir='ltr'>puerorum</span> <span class='ocrx_word' id='word_1_164' title='bbox 921 2132 1124 2159; x_wconf 69' lang='lat' dir='ltr'>mammae</span> <span class='ocrx_word' id='word_1_165' title='bbox 1161 2118 1378 2168; x_wconf 88' lang='lat' dir='ltr'>dicuntur,</span> <span class='ocrx_word' id='word_1_166' title='bbox 1415 2132 1513 2159; x_wconf 88' lang='lat' dir='ltr'>cum</span> <span class='ocrx_word' id='word_1_167' title='bbox 1547 2118 1741 2171; x_wconf 87' lang='lat' dir='ltr'>primum</span> <span class='ocrx_word' id='word_1_168' title='bbox 1763 2121 1829 2157; x_wconf 82' lang='lat' dir='ltr'>tu-</span> 
     </span>
     <span class='ocr_line' id='line_1_29' title="bbox 410 2188 1829 2242; baseline -0.001 -13"><span class='ocrx_word' id='word_1_169' title='bbox 410 2192 622 2239; x_wconf 82' lang='lat' dir='ltr'>mescunt,</span> <span class='ocrx_word' id='word_1_170' title='bbox 646 2189 760 2242; x_wconf 89' lang='lat' dir='ltr'>quod</span> <span class='ocrx_word' id='word_1_171' title='bbox 784 2190 901 2230; x_wconf 83' lang='lat' dir='ltr'>velut</span> <span class='ocrx_word' id='word_1_172' title='bbox 927 2189 1080 2230; x_wconf 82' lang='lat' dir='ltr'>fratres</span> <span class='ocrx_word' id='word_1_173' title='bbox 1103 2202 1229 2242; x_wconf 84' lang='lat' dir='ltr'>pares</span> <span class='ocrx_word' id='word_1_174' title='bbox 1254 2191 1467 2237; x_wconf 85' lang='lat' dir='ltr'>oriuntur,</span> <span class='ocrx_word' id='word_1_175' title='bbox 1492 2188 1607 2241; x_wconf 90' lang='lat' dir='ltr'>quod</span> <span class='ocrx_word' id='word_1_176' title='bbox 1632 2190 1762 2229; x_wconf 83' lang='lat' dir='ltr'>etiam</span> <span class='ocrx_word' id='word_1_177' title='bbox 1784 2190 1829 2228; x_wconf 91' lang='lat' dir='ltr'>in</span> 
     </span>
     <span class='ocr_line' id='line_1_30' title="bbox 410 2260 1127 2314; baseline 0.001 -14"><span class='ocrx_word' id='word_1_178' title='bbox 410 2261 629 2301; x_wconf 82' lang='lat' dir='ltr'>frumento</span> <span class='ocrx_word' id='word_1_179' title='bbox 653 2262 772 2314; x_wconf 85' lang='lat' dir='ltr'>spica</span> <span class='ocrx_word' id='word_1_180' title='bbox 794 2261 935 2301; x_wconf 84' lang='lat' dir='ltr'>facere</span> <span class='ocrx_word' id='word_1_181' title='bbox 960 2260 1127 2301; x_wconf 86' lang='lat' dir='ltr'>dicitur.</span> 
     </span>
    </p>

    <p class='ocr_par' dir='ltr' id='par_1_20' title="bbox 293 2330 1447 2386">
     <span class='ocr_line' id='line_1_31' title="bbox 293 2330 1447 2386; baseline 0 -16"><span class='ocrx_word' id='word_1_182' title='bbox 293 2347 327 2370; x_wconf 80' lang='lat'>30</span> <span class='ocrx_word' id='word_1_183' title='bbox 353 2330 579 2381; x_wconf 82' lang='lat' dir='ltr'>Frigere</span> <span class='ocrx_word' id='word_1_184' title='bbox 605 2334 645 2372; x_wconf 79' lang='lat' dir='ltr'>et</span> <span class='ocrx_word' id='word_1_185' title='bbox 666 2330 888 2371; x_wconf 83' lang='lat' dir='ltr'>frictum</span> <span class='ocrx_word' id='word_1_186' title='bbox 911 2344 936 2371; x_wconf 83' lang='lat' dir='ltr'>a</span> <span class='ocrx_word' id='word_1_187' title='bbox 960 2330 1109 2371; x_wconf 60' lang='lat' dir='ltr'>Graeco</span> <span class='ocrx_word' id='word_1_188' title='bbox 1133 2332 1252 2372; x_wconf 82' lang='lat' dir='ltr'>venit</span> <span class='ocrx_word' id='word_1_189' title='bbox 1275 2333 1447 2386; x_wconf 67' lang='grc' dir='ltr'>φρύγειν.</span> 
     </span>
    </p>

    <p class='ocr_par' dir='ltr' id='par_1_21' title="bbox 353 2398 1827 2512">
     <span class='ocr_line' id='line_1_32' title="bbox 353 2398 1827 2454; baseline -0.001 -14"><span class='ocrx_word' id='word_1_190' title='bbox 353 2400 620 2451; x_wconf 81' lang='lat' dir='ltr'>Fregellae</span> <span class='ocrx_word' id='word_1_191' title='bbox 659 2401 779 2441; x_wconf 85' lang='lat' dir='ltr'>locus</span> <span class='ocrx_word' id='word_1_192' title='bbox 815 2401 860 2441; x_wconf 90' lang='lat' dir='ltr'>in</span> <span class='ocrx_word' id='word_1_193' title='bbox 895 2401 1021 2448; x_wconf 71' lang='lat' dir='ltr'>Urbe,</span> <span class='ocrx_word' id='word_1_194' title='bbox 1057 2401 1102 2441; x_wconf 90' lang='lat' dir='ltr'>in</span> <span class='ocrx_word' id='word_1_195' title='bbox 1138 2415 1221 2454; x_wconf 89' lang='lat' dir='ltr'>quo</span> <span class='ocrx_word' id='word_1_196' title='bbox 1258 2401 1441 2442; x_wconf 81' lang='lat' dir='ltr'>civitatis</span> <span class='ocrx_word' id='word_1_197' title='bbox 1475 2398 1591 2441; x_wconf 63' lang='lat' dir='ltr'>eius*</span> <span class='ocrx_word' id='word_1_198' title='bbox 1632 2400 1827 2453; x_wconf 81' lang='lat' dir='ltr'>hospites</span> 
     </span>
     <span class='ocr_line' id='line_1_33' title="bbox 412 2471 733 2512; baseline 0.009 -3"><span class='ocrx_word' id='word_1_199' title='bbox 412 2471 733 2512; x_wconf 82' lang='lat' dir='ltr'>habitaverunt.</span> 
     </span>
    </p>

    <p class='ocr_par' dir='ltr' id='par_1_22' title="bbox 353 2541 1562 2594">
     <span class='ocr_line' id='line_1_34' title="bbox 353 2541 1562 2594; baseline -0.001 -13"><span class='ocrx_word' id='word_1_200' title='bbox 353 2541 606 2581; x_wconf 77' lang='lat' dir='ltr'>Festram</span> <span class='ocrx_word' id='word_1_201' title='bbox 628 2542 797 2594; x_wconf 82' lang='lat' dir='ltr'>antiqui</span> <span class='ocrx_word' id='word_1_202' title='bbox 820 2541 1032 2589; x_wconf 84' lang='lat' dir='ltr'>dicebant,</span> <span class='ocrx_word' id='word_1_203' title='bbox 1058 2555 1188 2594; x_wconf 85' lang='lat' dir='ltr'>quam</span> <span class='ocrx_word' id='word_1_204' title='bbox 1213 2554 1291 2582; x_wconf 88' lang='lat' dir='ltr'>nos</span> <span class='ocrx_word' id='word_1_205' title='bbox 1315 2542 1562 2581; x_wconf 77' lang='lat' dir='ltr'>fenestram.</span> 
     </span>
    </p>

    <p class='ocr_par' dir='ltr' id='par_1_23' title="bbox 353 2609 1190 2665">
     <span class='ocr_line' id='line_1_35' title="bbox 353 2609 1190 2665; baseline 0 -15"><span class='ocrx_word' id='word_1_206' title='bbox 353 2611 603 2650; x_wconf 76' lang='lat' dir='ltr'>Firmum</span> <span class='ocrx_word' id='word_1_207' title='bbox 626 2609 702 2651; x_wconf 69' lang='grc' dir='ltr'>ἀπὸ</span> <span class='ocrx_word' id='word_1_208' title='bbox 725 2617 790 2651; x_wconf 72' lang='grc' dir='ltr'>τοῦ</span> <span class='ocrx_word' id='word_1_209' title='bbox 814 2610 985 2665; x_wconf 69' lang='grc' dir='ltr'>ἕρματος</span> <span class='ocrx_word' id='word_1_210' title='bbox 1012 2610 1190 2651; x_wconf 81' lang='lat' dir='ltr'>dictum.</span> 
     </span>
    </p>

    <p class='ocr_par' dir='ltr' id='par_1_24' title="bbox 295 2680 1253 2730">
     <span class='ocr_line' id='line_1_36' title="bbox 295 2680 1253 2730; baseline 0.002 -11"><span class='ocrx_word' id='word_1_211' title='bbox 295 2699 328 2719; x_wconf 57' lang='grc' dir='ltr'>κς,</span> <span class='ocrx_word' id='word_1_212' title='bbox 354 2681 593 2721; x_wconf 76' lang='lat' dir='ltr'>Frausus</span> <span class='ocrx_word' id='word_1_213' title='bbox 617 2681 732 2730; x_wconf 70' lang='lat' dir='ltr'>erit,</span> <span class='ocrx_word' id='word_1_214' title='bbox 756 2680 953 2722; x_wconf 74' lang='lat' dir='ltr'>fraudem</span> <span class='ocrx_word' id='word_1_215' title='bbox 976 2682 1253 2722; x_wconf 85' lang='lat' dir='ltr'>commiserit.</span> 
     </span>
    </p>

    <p class='ocr_par' dir='ltr' id='par_1_25' title="bbox 355 2751 1157 2804">
     <span class='ocr_line' id='line_1_37' title="bbox 355 2751 1157 2804; baseline 0 -13"><span class='ocrx_word' id='word_1_216' title='bbox 355 2751 540 2792; x_wconf 74' lang='lat' dir='ltr'>Faleri</span> <span class='ocrx_word' id='word_1_217' title='bbox 563 2751 773 2804; x_wconf 85' lang='lat' dir='ltr'>oppidum</span> <span class='ocrx_word' id='word_1_218' title='bbox 797 2765 818 2791; x_wconf 78' lang='lat' dir='ltr'>a</span> <span class='ocrx_word' id='word_1_219' title='bbox 843 2752 926 2792; x_wconf 81' lang='lat' dir='ltr'>fale</span> <span class='ocrx_word' id='word_1_220' title='bbox 941 2758 957 2786; x_wconf 58' lang='lat'><em>4</em></span> <span class='ocrx_word' id='word_1_221' title='bbox 982 2751 1157 2792; x_wconf 82' lang='lat' dir='ltr'>dictum.</span> 
     </span>
    </p>

    <p class='ocr_par' dir='ltr' id='par_1_26' title="bbox 355 2821 1025 2873">
     <span class='ocr_line' id='line_1_38' title="bbox 355 2821 1025 2873; baseline 0.001 -13"><span class='ocrx_word' id='word_1_222' title='bbox 355 2821 598 2861; x_wconf 73' lang='lat' dir='ltr'>Fraxare</span> <span class='ocrx_word' id='word_1_223' title='bbox 622 2821 810 2873; x_wconf 78' lang='lat' dir='ltr'>vigiliam</span> <span class='ocrx_word' id='word_1_224' title='bbox 836 2821 1025 2861; x_wconf 81' lang='lat' dir='ltr'>circuire.</span> 
     </span>
    </p>
   </div>
   <div class='ocr_carea' id='block_1_3' title="bbox 1867 725 1900 760">
    <p class='ocr_par' dir='ltr' id='par_1_27' title="bbox 1867 725 1900 760">
     <span class='ocr_line' id='line_1_39' title="bbox 1867 725 1900 760; baseline -0.03 0"><span class='ocrx_word' id='word_1_225' title='bbox 1867 725 1900 760; x_wconf 81' lang='lat'>90</span> 
     </span>
    </p>
   </div>
   <div class='ocr_carea' id='block_1_4' title="bbox 1868 2132 1898 2164">
    <p class='ocr_par' dir='ltr' id='par_1_28' title="bbox 1868 2132 1898 2164">
     <span class='ocr_line' id='line_1_40' title="bbox 1868 2132 1898 2164; baseline 0 0"><span class='ocrx_word' id='word_1_226' title='bbox 1868 2132 1898 2164; x_wconf 71' lang='lat'>91</span> 
     </span>
    </p>
   </div>
  </div>
 </body>
</html>
