2072 3222
342 154 426 194 52ss
489 166 547 195 QU.
563 165 624 189 xxx
640 164 682 189 25.
767 166 889 192 FESTI
902 165 1058 193 FRAGM.
1076 165 1101 191 Ε
1117 166 1209 193 con.
1225 166 1348 193 FARN.
1364 166 1402 192 12.
1419 166 1554 193 xvnn.
1669 165 1700 190 P.
1714 163 1764 189 351
1780 165 1820 190 M.

334 979 369 1003 10

330 1368 362 1392 15

329 1757 363 1781 20

325 2144 359 2168 25

323 2519 359 2543 30

412 280 595 321 Cisitum
616 286 633 327 †
669 295 694 322 a
715 280 844 322 Laevo
882 281 1027 334 Cispio
1050 281 1298 334 Anagnino,
1322 282 1397 334 qui
1420 281 1614 322 eiusdem
1635 281 1697 322 rei
1720 295 1818 322 cau-

410 370 456 397 sa
488 370 583 397 eam
616 360 783 410 partem
829 357 1112 410 esquiilarum
1135 362 1164 405 1,
1211 371 1291 410 que
1324 358 1435 398 iacet
1467 357 1521 398 ad
1563 359 1706 398 vicum
1738 357 1817 398 Pa-

407 433 580 473 tricium
642 447 803 483 versus,
867 433 912 473 in
975 446 1055 486 qua
1120 433 1295 486 regione
1358 436 1421 473 est
1483 432 1584 473 aedis
1647 433 1818 482 Mefitis,

408 511 543 549 tuitus
597 513 674 550 est.
781 507 972 564 „Sistere
1025 508 1131 550 fana
1182 523 1279 549 cum
1331 509 1377 549 in
1429 509 1536 549 urbe
1590 509 1820 550 condenda

408 586 577 636 dicitur,
630 586 844 639 significat
895 586 993 626 loca
1045 585 1090 625 in
1143 585 1303 639 oppido
1336 585 1585 626 futurorum
1617 585 1818 626 fanorum

407 663 682 704 constituere.
748 668 913 716 qiiam†
987 662 1202 704 Antistius
1264 662 1411 703 Labeo
1474 663 1533 703 ait
1593 663 1639 702 in
1702 675 1816 706 com-

406 742 619 780 mentario
682 739 772 780 XV.
855 740 959 779 iuris
1040 738 1249 792 pontifici,
1330 738 1433 779 fana
1514 739 1661 779 sistere
1725 752 1817 779 esse

405 817 670 857 lectisternia
733 817 859 856 certis
936 816 1043 856 locis
1119 818 1160 856 et
1222 815 1287 856 dis
1348 815 1522 856 habere.
1645 812 1815 870 “Subi-

404 907 501 946 gere
564 896 756 946 aryetem
771 898 800 941 1,
840 893 885 932 in
940 892 1092 933 eodem
1154 892 1265 933 libro
1327 892 1543 932 Antistius
1605 906 1694 932 esse
1757 893 1817 932 ait

405 970 506 1010 dare
530 974 766 1022 011γο101111,
788 971 860 1022 qui
884 983 962 1022 pro
987 983 1030 1009 se
1055 972 1223 1021 agatur,
1247 968 1462 1015 cedatur·†.
1497 966 1666 1023 111(Βοῃο
1686 981 1814 1022 spon-

403 1048 474 1094 sis,
556 1046 756 1098 beneque
837 1045 1091 1091 volueris»†
1166 1045 1212 1085 in
1293 1047 1542 1098 precatione
1618 1043 1815 1097 augurali

402 1123 610 1165 Messalla
750 1136 890 1175 augur
1023 1123 1083 1163 ait
1204 1122 1447 1175 significare
1569 1121 1813 1175 spoponde-

400 1201 473 1249 ris,
564 1200 768 1241 volueris,
891 1197 910 1255 Η
932 1198 1144 1253 «Serpula
1236 1200 1482 1252 serpserit»,
1567 1200 1626 1239 ait
1698 1198 1814 1239 idem

400 1277 597 1326 Mesalla5
627 1283 644 1324 1
737 1291 915 1331 serpens
1026 1276 1268 1330 inrepserit.
1413 1274 1431 1331 Η
1456 1277 1605 1318 Solino
1697 1276 1813 1317 idem

400 1354 460 1395 ait
511 1367 603 1394 esse
657 1353 853 1394 consulo.
940 1350 958 1408 ΙΙ
981 1352 1099 1394 Suad
1153 1353 1222 1394 ted
1274 1353 1389 1393 idem
1435 1353 1495 1394 ait
1527 1367 1632 1402 esse,
1666 1354 1725 1393 sic
1756 1355 1811 1395 te.

394 1429 412 1486 ΙΙ
433 1431 616 1472 Stellam
679 1430 921 1483 significare
985 1430 1043 1470 ait
1105 1430 1253 1470 Ateius
1316 1428 1469 1482 Capito
1531 1430 1708 1476 letum†
1771 1433 1812 1471 et

398 1521 673 1561 prosperum,
736 1506 1038 1548 auctoritatem
1114 1509 1287 1547 secutus
1350 1505 1395 1546 P.
1460 1505 1614 1547 Servili
1677 1519 1809 1558 augu-

397 1585 469 1634 ris,
552 1584 721 1625 stellam
752 1589 769 1631 1
852 1597 946 1636 quae
1039 1583 1274 1623 extamella
1288 1588 1304 1629 1
1397 1595 1506 1623 aerea
1599 1581 1812 1623 adsimilis

397 1661 533 1702 stell-ee
618 1661 725 1701 locis
808 1659 1080 1713 inauguratis
1174 1659 1393 1712 infigatur.
1535 1656 1553 1713 ΙΙ
1578 1658 1812 1699 Sinistrum

398 1738 443 1777 in
535 1736 803 1790 auspicando
916 1736 1162 1789 significare
1270 1737 1329 1776 ait
1423 1736 1568 1776 Ateius
1659 1735 1811 1788 Capito

396 1815 545 1855 laetum
579 1817 619 1855 et
651 1827 909 1866 prosperum
963 1813 1222 1866 auspicium,
1271 1815 1378 1859 aut†
1431 1812 1669 1861 silentium,
1733 1812 1809 1852 du-

395 1890 468 1937 1111
551 1890 729 1931 <lut-agat
811 1892 936 1930 vacat
1032 1890 1150 1929 vitio.
1233 1890 1365 1941 igitur
1461 1888 1634 1929 silentio
1717 1901 1809 1928 sur-

395 1980 493 2019 gere
527 1980 627 2006 cum
660 1965 820 2006 dicitur
853 1965 1069 2018 significat
1101 1979 1193 2006 non
1226 1964 1508 2018 interpellari,
1545 1978 1629 2017 quo
1665 1965 1809 2004 minus

395 2057 485 2084 rem
548 2045 679 2095 gerat.
741 2042 829 2089 ad†
903 2042 1141 2090 sinistrum,
1205 2041 1367 2081 hortari
1430 2054 1603 2094 quoque
1665 2041 1808 2093 auspi-

397 2121 462 2160 cia
543 2119 597 2159 ad
660 2119 892 2168 agendum,
961 2118 1077 2172 quod
1140 2119 1286 2158 animo
1363 2119 1457 2170 quis
1519 2120 1807 2170 proposuerit.

396 2194 414 2251 ΙΙ
438 2196 552 2237 Satis
664 2196 847 2236 verbum
955 2195 1107 2236 Verrio
1200 2195 1357 2235 melius
1448 2195 1530 2234 fuit
1620 2194 1806 2246 praeteri·

393 2287 451 2320 re,
506 2276 553 2313 ut
586 2273 692 2312 mihi
726 2272 919 2320 videt-um
975 2285 1106 2324 quam
1149 2273 1239 2311 tam
1275 2270 1420 2311 absuri
1444 2276 1460 2302 1
1495 2270 1599 2323 qui-x<
1639 2270 1805 2322 opinio-

394 2363 469 2389 nes
514 2362 611 2389 suas
657 2348 707 2389 de
766 2362 814 2389 eo
859 2350 1018 2388 restare
1045 2353 1086 2395 1;
1141 2361 1248 2400 quas
1297 2347 1436 2387 sciens
1500 2348 1806 2399 praeteritam†

394 2424 605 2471 hercules.
641 2438 769 2476 quam
804 2423 854 2464 (10
900 2424 1066 2471 scabro,
1105 2422 1219 2476 quod
1247 2422 1494 2475 proximum
1528 2422 1805 2475 sequebatur.

397 2498 414 2555 Η
430 2499 667 2553 Stipatores
751 2501 811 2540 ait
893 2499 1029 2540 dictos
1112 2513 1137 2539 a
1218 2500 1341 2551 stipe5
1404 2511 1534 2551 quam
1596 2498 1805 2538 mercedis

393 2578 572 2617 nomine
680 2576 896 2629 accipiant
1007 2577 1202 2617 custodes
1324 2579 1532 2629 cuiusque
1654 2588 1804 2627 corpo-

391 2655 464 2693 ris.
527 2653 657 2699 unde,
710 2656 750 2693 et
796 2652 969 2705 stipam,
1024 2658 1191 2705 quam†
1247 2653 1468 2705 amphora*
1524 2665 1621 2691 cum
1666 2653 1804 2691 extru-

393 2732 540 2778 untur,
575 2730 739 2770 firmari
801 2730 964 2777 5010111;
1043 2730 1171 2769 etiam
1247 2729 1428 2782 stipites,
1513 2728 1587 2781 qui
1649 2727 1703 2767 ob
1767 2742 1804 2766 e-

394 2806 554 2846 andem
698 2820 873 2847 causam
1016 2806 1320 2847 destituantur.
1528 2802 1546 2859 ΙΙ
1567 2803 1805 2844 Sollicitare
