2072 3222
255 152 340 193 500
824 162 950 190 PAULI
971 161 1205 190 ExcERPTA.
1591 158 1743 186 336—33T

256 979 290 1003 11>

258 1369 290 1393 15

193 1768 195 1774 ,
256 1746 290 1770 20

258 2518 292 2542 30

328 280 436 321 Sex
469 279 686 320 milium
709 279 764 320 et
797 277 1168 319 ducentorum
1199 276 1429 319 hominum
1461 277 1675 330 legionem

381 355 549 410 primus
584 356 718 398 Gaius
753 355 917 397 Marius
955 354 1222 408 conscripsit,
1259 367 1357 394 cum
1386 355 1519 394 antea
1556 355 1676 406 quat-

381 436 481 475 tuor
521 432 693 473 milium
737 431 902 480 fuisset,
957 430 1073 471 unde
1116 429 1247 472 etiam
1291 426 1510 486 quadrata
1531 429 1677 483 appel-

382 510 570 551 labatur.

325 586 485 629 Sibus
507 585 692 626 callidus
713 583 736 605 ᾖ
761 585 850 625 sive
874 585 1044 624 acutus,

325 662 435 705 Sed
457 676 534 717 pro
559 662 651 703 sine
673 662 963 702 inveniuntur
985 660 1181 714 posuisse
1205 659 1389 713 antiqui.

326 738 592 791 Sybinam
644 737 872 792 appellant
923 735 1044 790 Illyri
1095 736 1233 778 telum
1267 735 1473 777 venabuli
1521 736 1681 777 simile.

382 815 579 856 Ennius:
609 811 784 870 «Illyrii
804 816 970 856 restant
992 813 1090 854 sicis
1114 813 1365 867 sybinisque
1388 812 1624 854 fodentes.»

326 890 647 933 Sediculum
669 889 816 932 sedile.

326 967 685 1009 Sudioulum*
733 980 869 1020 genus
892 965 1055 1019 flagelli
1081 965 1256 1015 dictum,
1281 965 1396 1019 quod
1419 965 1681 1019 vapulantes

384 1044 590 1086 sudantes
612 1044 728 1085 facit.

327 1121 604 1163 Sectarius
637 1120 799 1169 verbix,
844 1119 917 1172 qui
959 1132 1131 1171 gregem
1175 1132 1389 1172 agnorum
1432 1119 1680 1172 praecedens

385 1197 514 1239 ducit.

328 1271 672 1326 Secespitam
706 1272 780 1313 alii
803 1272 1005 1322 securim,
1042 1272 1114 1313 alii
1139 1272 1366 1313 dolabram
1388 1285 1584 1322 aeneam,
1609 1271 1681 1312 alii

386 1351 611 1392 cultellum
634 1363 725 1391 esse
747 1352 915 1403 putant.

328 1425 649 1468 Sicilicum*
672 1426 852 1477 dictum,
877 1424 992 1478 quod
1016 1425 1291 1466 semunciam
1315 1427 1441 1466 secet.

328 1502 684 1544 Secessiones
703 1509 720 1550 ψ
746 1502 1031 1544 narrationes.

327 1579 560 1622 Sieiles*
597 1580 823 1621 hastarum
859 1577 1029 1632 spicula
1063 1578 1153 1619 lata
1169 1576 1206 1619 ἦε.
1251 1576 1445 1618 Ennius:
1486 1576 1677 1618 «Incedit

385 1657 501 1698 veles
524 1656 651 1709 vulgo
675 1655 867 1697 sicilibus
886 1655 1030 1696 latis».

327 1732 510 1775 Sectio
532 1734 772 1786 persecutio
795 1731 915 1773 iuris.

328 1809 599 1852 Secundae
636 1820 726 1851 res
762 1823 854 1850 non
878 1822 903 1850 a
924 1822 1107 1850 numero
1144 1807 1359 1858 dicuntur,
1395 1807 1467 1849 sed
1493 1809 1607 1860 quia,
1631 1810 1682 1848 ut

385 1886 584 1936 velimus,
607 1889 861 1939 sequantur.

330 1963 634 2005 Sinniniam
656 1963 906 2004 cantionem
929 1961 1185 2003 solitariam.

329 2039 586 2081 Seotores
629 2041 671 2080 et
713 2039 788 2092 qui
821 2040 969 2079 secant
1005 2037 1207 2079 dicuntur
1237 2040 1279 2078 et
1314 2036 1387 2090 qui
1421 2038 1567 2090 empta
1601 2047 1683 2076 sua

385 2118 718 2169 persequuntur.

330 2190 584 2245 Sicyonia
625 2205 763 2245 genus
806 2190 1094 2232 calciamenti.
1130 2188 1343 2230 Lucilius:
1385 2188 1463 2229 «Et
1498 2188 1678 2242 pedibus

387 2270 497 2311 laeva
519 2270 715 2321 sicyonia
737 2268 871 2309 demit
892 2268 1112 2309 honesta.»

330 2345 602 2396 Simultas,
646 2345 689 2385 id
724 2347 786 2386 est
808 2343 971 2392 odium,
998 2343 1110 2385 dicta
1133 2356 1181 2383 ex
1219 2342 1450 2390 contrario,
1477 2341 1578 2394 quia
1600 2342 1678 2381 mi-

387 2422 504 2463 nime
527 2421 615 2463 sint
637 2421 831 2462 odientes
857 2434 901 2461 se
925 2419 1080 2466 simu13
1114 2421 1255 2473 potest
1292 2421 1333 2460 et
1356 2432 1381 2460 a
1404 2418 1682 2459 simulatione

386 2499 500 2539 dicta
518 2498 767 2548 existimari,
792 2497 893 2551 quia
916 2496 1121 2537 simulata
1140 2496 1378 2549 loquuntur
1401 2494 1455 2535 ad
1477 2493 1677 2534 invicem.

332 2575 666 2617 Sementivae
718 2574 831 2615 feriae
885 2574 1059 2614 fuerant
1110 2573 1330 2622 institutae,
1387 2571 1509 2625 quasi
1553 2584 1602 2611 ex
1644 2569 1679 2609 is

388 2652 529 2704 fruges
552 2650 833 2704 grandescere
857 2650 1042 2703 possint.

1740 1579 1790 1614 337
