2072 3222
285 141 370 182 482
434 153 494 183 Qu.
510 153 584 179 ΧΠ.
600 151 644 178 32.
716 155 837 183 FESTI
850 155 1007 184 FRAGM.
1023 154 1050 182 Ε
1064 155 1156 184 00]).
1172 155 1295 185 FARN.
1312 156 1350 185 L.
1364 155 1483 184 xv111.
1614 156 1647 181 P.
1662 153 1716 179 326
1728 156 1766 180 M-

497 270 732 324 Apollonis
748 276 766 317 's
918 271 962 312 in
1113 285 1256 312 scaena
1417 271 1625 320 dictitent,

497 360 676 388 causam
778 348 955 389 Verrius
1046 347 1093 389 in
1184 349 1213 389 l.
1277 348 1340 399 V„
1439 362 1626 402 quorum

495 426 637 477 prima
771 427 835 465 est
967 425 1000 466 P
1132 425 1290 476 littera,
1424 424 1623 482 reddidit·

495 499 614 554 quod
633 499 713 547 C.†
750 500 958 555 Sulpicio,
983 500 1062 549 C.†
1092 502 1247 543 Fulvio
1277 501 1386 550 Cos„
1424 501 1504 547 in³s
1530 501 1623 543 Cal-

305 593 319 617 5
493 577 650 630 purnio
772 576 930 619 Pisone
1040 577 1109 620 Pr.
1222 577 1327 619 Urb.
1440 577 1624 618 faciente

494 653 634 704 ludos,
756 654 897 696 subito
1010 654 1065 696 ad
1187 667 1308 695 arma
1430 655 1624 702 exierint,

494 730 713 772 nuntiatio
938 730 1150 773 adventus
1170 736 1187 776 †
1416 729 1624 778 hostium,

493 807 759 861 victoresque
892 809 938 848 in
1072 807 1295 849 theatrum
1415 805 1624 848 redierint

494 883 679 933 solliciti,
812 897 867 924 ne
999 883 1237 925 intermissi
1368 883 1623 936 religionem

283 971 319 996 10
494 960 730 1010 adferrent,
864 961 1097 1001 instaurati
1219 961 1291 1013 qui
1310 965 1328 1006 †
1454 961 1622 1000 essent:

493 1037 721 1078 inventum
814 1050 906 1078 esse
998 1036 1058 1077 ibi
1150 1035 1194 1077 C·
1283 1035 1567 1090 Pompinium
1586 1041 1622 1086 †,

493 1113 747 1155 libertinum
1015 1114 1200 1154 mimum
1461 1124 1621 1165 magno

493 1193 612 1239 natu,
735 1192 809 1244 qui
920 1189 974 1231 ad
1085 1189 1310 1231 tibicinem
1431 1188 1621 1229 saltaret.

492 1266 636 1320 itaque
803 1266 961 1319 gaudio
1124 1279 1216 1307 non
1366 1265 1620 1317 interruptae

281 1358 316 1382 15
491 1343 717 1396 religionis
879 1343 1039 1384 editam
1203 1355 1351 1383 vocem
1502 1355 1619 1382 nune

492 1433 662 1473 quoque
755 1420 974 1461 celebrari.
1067 1422 1111 1460 at
1201 1421 1247 1459 in
1338 1417 1421 1459 hoe
1508 1417 1619 1458 libro

490 1496 620 1538 refert
790 1495 918 1537 Sinni
1085 1494 1308 1549 Capitonis
1474 1495 1619 1543 verba,

492 1572 649 1626 quibus
815 1586 887 1614 eos
1053 1571 1179 1613 ludos
1345 1571 1618 1626 Apollinares

492 1648 688 1698 Claudio,
781 1652 823 1689 et
913 1648 1066 1689 Ful'vio
1161 1661 1246 1689 cos.
1338 1648 1475 1689 factos
1557 1647 1617 1688 di-

278 1746 315 1771 20
491 1726 547 1766 cit
650 1740 700 1767 ex
803 1725 926 1766 libris
1030 1724 1271 1778 Sybillinis,
1290 1731 1307 1760 4
1415 1727 1456 1765 et
1547 1738 1617 1764 va-

490 1804 638 1843 ticinio
760 1816 817 1843 m.
833 1808 850 1841 4
962 1802 1070 1842 vatis
1192 1802 1426 1850 institutos,
1540 1814 1618 1841 nee

490 1880 742 1920 nominatur
976 1878 1093 1919 ullus
1322 1877 1592 1931 Pomponius
1608 1893 1616 1917 ε

489 1955 678 1996 iidieulae
693 1961 710 2002 †
844 1969 939 2008 quae
954 1961 970 2001 †
1102 1954 1199 2008 deip
1215 1959 1233 2001 ἢ
1364 1954 1617 2008 appellatio-

490 2047 543 2073 ne
694 2033 956 2086 pai-sitorum
975 2038 993 2067 4
1166 2030 1384 2084 Apollinis
1549 2031 1617 2071 hie

277 2123 312 2147 25
490 2123 667 2150 causam
769 2107 922 2158 reddit,
1027 2121 1126 2148 oum
1229 2108 1274 2148 in
1367 2120 1416 2149 eo
1508 2121 1615 2161 prae-

488 2186 670 2226 terisset.
792 2185 851 2225 ait
973 2184 1090 2225 enim
1211 2184 1270 2224 ita
1390 2183 1617 2236 appellari,

491 2261 607 2315 quod
698 2261 741 2303 C.
834 2261 1113 2311 Volumnius,
1202 2260 1277 2312 qui
1368 2259 1423 2300 ad
1519 2259 1615 2300 tibi-

488 2339 630 2379 cinem
770 2337 952 2386 saltarit,
1092 2335 1381 2377 secundarum
1519 2349 1615 2389 par-

488 2415 598 2455 tium
729 2414 868 2461 fuerit,
1005 2415 1078 2466 qui
1198 2412 1286 2453 fere
1409 2412 1615 2453 omnibus

278 2508 314 2532 30
490 2491 634 2531 mimis
765 2490 984 2543 parasitus
1116 2488 1360 2530 inducatur.
1483 2502 1614 2541 quam

488 2566 829 2607 inconstantiam
961 2565 1045 2607 Ver
1069 2597 1078 2606 .
1103 2598 1111 2606 .
1137 2597 1145 2604 .
1268 2565 1401 2606 nostri
1522 2577 1614 2605 non

489 2642 582 2682 sine
731 2641 890 2682 rubore
1040 2641 1198 2682 rettuli.
1399 2637 1404 2641 ⁴
1433 2639 1451 2695 ΙΙ
1476 2640 1614 2681 Salios

489 2730 513 2758 a
595 2717 824 2763 sallendo†
904 2720 943 2758 et
1020 2715 1221 2757 saltando
1305 2716 1440 2757 dictos
1521 2729 1612 2757 esse

489 2793 686 2847 quamvis
794 2793 982 2834 dubitari
1085 2806 1175 2834 non
1279 2792 1445 2843 debeat,
1549 2799 1610 2834 ta-
