2072 3222
173 2359 202 2392 82

227 179 334 207 {Su—82
630 183 683 209 DE
706 183 1047 210 SIGNIFICATIONE
1065 184 1305 211 VERBORUM.
1652 171 1706 210 57

230 297 510 339 EXOdium
533 299 707 338 exitum.

229 367 453 409 EXOriri
475 382 662 421 surgere.

229 438 459 480 Exuviae
484 440 536 480 ab
559 438 755 480 exuendo
781 439 916 479 (110110.

230 509 524 550 Exercitus
560 512 601 550 et
622 509 811 550 militum
835 508 961 562 copia
988 509 1155 558 (licitur,
1193 514 1232 551 et
1253 510 1385 552 bomo
1409 511 1559 552 multis
1582 525 1709 564 nego-

289 580 359 620 tiis
383 579 613 627 exercitum
638 579 711 620 sed
735 580 934 632 superius
959 578 1101 631 quarti
1125 579 1303 630 ordinis,
1327 581 1408 621 hoc
1431 581 1608 622 secundi
1632 584 1707 622 est.
1732 599 1748 621 5

230 648 535 691 Exomides
557 652 660 690 sunt
682 649 835 690 comici
858 649 1040 690 vestitus
1064 651 1217 690 exertis
1240 650 1447 691 humeris.

231 720 422 762 Exiles
446 724 487 761 et
507 719 603 760 ilia
626 734 650 761 a
672 721 882 761 tenuitate
905 720 1094 768 inarum,
1119 733 1225 773 quas
1249 720 1385 762 Graeci
1407 723 1452 762 in
1476 721 1635 762 chartis
1653 722 1711 763 ita

291 791 532 845 appellant,
554 791 757 832 videntur
780 804 871 831 esse
895 791 1022 831 dicta.

232 862 450 903 Exfflea
473 871 650 911 causa,
676 874 770 914 quae
794 861 1002 902 adversus
1025 862 1194 902 exulem
1219 864 1372 915 agitur.

233 932 479 973 Exitium
502 931 671 985 antiqui
694 932 920 985 ponebant
953 945 1032 985 pro
1058 933 1196 981 exitu;
1232 946 1350 973 1111110
1375 933 1553 974 exitium
1576 934 1708 986 pessi·
1736 950 1769 973 ιο

292 1017 412 1045 11111111
438 1003 599 1044 exitum
625 1001 823 1043 dicimus.

232 1074 578 1121 Exeroirent,
603 1073 826 1115 sarcirent.

233 1144 654 1185 Exercitionem
679 1143 910 1185 exerciti
944 1142 1148 1185 dicebant
1170 1144 1338 1196 antiqui
1362 1145 1712 1186 exercitationem

293 1214 525 1256 exercitati.
549 1215 658 1256 Item
675 1212 969 1263 e.-ccr·cz’t:z'02·m,
993 1212 1380 1263 (were-itissimanst,
1405 1217 1515 1255 sicut
1528 1216 1581 1255 ab
1598 1229 1712 1256 exer-

294 1287 422 1327 citato
447 1285 804 1332 exercitatiorem,
830 1284 1251 1326 exercitatissimum.
1737 1302 1770 1326 15

234 1356 424 1398 Exsuti
447 1356 586 1404 effusi,
610 1359 657 1397 ut
681 1362 827 1398 mersat
849 1369 929 1409 pro
953 1357 1128 1397 mersat.

235 1426 410 1468 Effari
433 1429 474 1467 et
497 1425 662 1468 effata
696 1440 721 1467 a
744 1426 891 1476 fando,
929 1427 1044 1479 quod
1066 1428 1212 1479 ipsum
1249 1440 1296 1467 ex
1321 1425 1470 1467 Graeco
1507 1428 1559 1472 ὣς
1597 1429 1711 1482 φάτο.

236 1497 498 1549 Equirria
520 1497 626 1547 ludi,
662 1510 770 1550 quos
793 1497 1008 1538 Romulus
1031 1497 1159 1538 Marti
1190 1497 1380 1538 instituit
1402 1511 1479 1550 per
1502 1510 1714 1550 equorum

295 1582 484 1613 cursum,
510 1569 582 1620 qui
605 1567 651 1608 in
675 1580 829 1621 campo
852 1567 1009 1609 Martio
1034 1568 1357 1609 exercebantur.

236 1638 507 1689 Equirine
530 1638 839 1679 iusiurandum
861 1652 939 1692 per
963 1638 1210 1688 Quirinum.
1739 1654 1775 1678 20

235 1709 511 1760 Equestre
536 1719 621 1759 aes,
647 1707 763 1761 quod
786 1708 918 1761 equiti
942 1707 1140 1749 dabatur.

236 1780 504 1831 Equitare
529 1779 698 1832 antiqui
723 1779 925 1820 dicebant
947 1793 1108 1832 equum
1132 1779 1357 1832 publicum
1381 1792 1558 1820 merere.

236 1851 428 1903 Equus
451 1851 581 1893 Marti
603 1851 927 1900 immolabatur,
963 1851 1080 1905 quod
1103 1865 1179 1905 per
1213 1853 1305 1892 eius
1329 1851 1516 1903 effigiem
1539 1850 1717 1890 Troiani

297 1925 411 1976 capti
444 1925 559 1971 sunt,
595 1923 663 1964 vel
698 1923 813 1975 quod
847 1936 896 1963 eo
931 1936 1088 1975 genere
1124 1921 1328 1964 animalis
1363 1921 1479 1962 Mars
1514 1921 1716 1962 delectari

297 1996 536 2047 putaretur.
1741 2005 1776 2029 25

238 2064 400 2115 Equo
424 2064 523 2105 vehi
545 2064 718 2105 flamini
751 2063 867 2105 Diali
890 2077 981 2104 non
1006 2064 1179 2112 licebat,
1214 2077 1280 2112 ne,
1318 2064 1352 2102 si
1386 2062 1560 2114 longius
1583 2062 1716 2114 digre-

300 2135 485 2182 deretur,
509 2147 631 2175 sacra
652 2135 999 2187 neglegerentur.

241 2205 602 2246 Exinfuiabat
645 2205 873 2246 exerebat*
892 2223 899 2246 :
942 2202 1109 2259 infulas
1148 2204 1264 2263 enim
1311 2203 1583 2244 sacerdotum
1626 2203 1716 2243 fila-

299 2278 448 2316 menta
469 2276 698 2316 vocabant.

241 2345 577 2387 Existimare
602 2346 763 2386 dictum
787 2345 841 2386 ab
864 2347 1166 2386 aestimatione.
1742 2358 1777 2381 30

242 2416 526 2468 Exrogare
539 2420 662 2457 estex
672 2417 766 2469 lege
776 2419 919 2457 vetere
930 2415 1096 2469 aliquid
1107 2416 1291 2456 eximere
1302 2428 1378 2467 per
1391 2427 1552 2455 novam
1563 2415 1717 2465 legem.

243 2487 526 2528 Eximium
549 2486 650 2527 inde
685 2487 766 2527 dici
791 2489 995 2539 coeptum,
1031 2485 1145 2538 quod
1181 2485 1225 2525 in
1249 2484 1468 2525 sacrificiis
1504 2486 1718 2537 optimum

302 2571 432 2611 pecus
457 2572 478 2598 e
501 2571 627 2610 grege
652 2557 933 2605 eximebatur,
968 2556 1049 2604 vel,
1085 2555 1200 2608 quod
1222 2555 1413 2608 primum
1439 2558 1529 2596 erat
1550 2559 1717 2596 natum.

243 2627 581 2679 Exemplum
617 2630 692 2674 est,
729 2627 843 2680 quod
866 2640 1115 2680 sequamur,
1139 2629 1214 2666 aut
1235 2626 1434 2667 vitemus.
1466 2623 1717 2681 L';z·ae⁷ttzpla›',

304 2712 353 2739 ex
397 2711 480 2751 quo
516 2697 656 2739 simile
698 2698 923 2739 faciamus.
971 2698 1083 2737 illud
1129 2698 1275 2737 animo
1312 2698 1563 2744 aestimatur,
1606 2695 1719 2735 istud
1743 2708 1777 2731 35

304 2768 440 2809 oculis
465 2768 738 2821 conspicitur.

245 2837 606 2886 Exhaustant,
632 2837 827 2878 efferunt.
