2072 3222
296 103 380 144 578
866 115 990 144 PAUM
1012 115 1241 143 EXGERPTA.
1636 112 1778 138 378—379

366 230 743 272 Vecticularia
776 230 891 271 Vita
914 230 1068 271 dicitur
1090 244 1255 281 eorum,
1278 230 1352 284 qui
1373 231 1568 272 vectibus
1591 231 1776 283 parietes

423 307 590 347 alienos
613 306 862 360 perfodiunt
884 305 1057 347 furandi
1079 308 1230 359 gratia.
1256 305 1383 348 Cato:
1412 307 1774 348 «Vecticulariam

421 383 555 423 vitam
589 385 746 432 vivere,
778 385 955 436 repente
991 382 1166 435 largiter
1204 382 1375 430 habere,
1409 383 1590 435 repente
1619 382 1774 422 nihil».

363 458 587 499 viritim
629 457 786 499 dicitur
830 458 934 508 dari,
972 458 1088 512 quod
1118 458 1242 499 datur
1283 472 1360 513 per
1402 459 1601 510 singulos
1645 460 1774 500 viros.

332 544 346 568 ⁵
421 535 547 577 Cato:
578 534 748 576 «Praeda
771 548 866 588 quae
889 536 1015 588 capta
1038 536 1116 585 est,
1141 534 1300 575 viritim
1325 534 1502 576 divisa».

361 605 636 647 Uxorium
677 605 934 659 pependisse
978 604 1147 655 dicitur,
1194 605 1268 658 qui
1311 605 1425 658 quod
1468 619 1644 646 uxorem
1683 619 1772 646 non

421 682 636 731 habuerit,
659 695 726 723 res
749 681 913 735 populo
938 681 1066 723 dedit.

362 758 462 801 Uls
479 758 501 780 *
540 757 645 799 Cato
669 772 747 812 pro
772 759 886 799 ultra
907 759 1065 811 posuit.

362 834 713 876 Volturnalia
754 834 970 875 Volturno
1005 847 1082 875 suo
1105 834 1184 874 deo
1224 848 1344 875 sacra
1376 834 1606 884 faciebant,
1651 834 1772 875 cuius

309 919 344 943 10
420 911 688 952 sacerdotem
711 909 1046 952 Volturnalem*
1087 910 1317 951 vocabant.

360 987 587 1029 Vesculi
611 988 724 1028 male
743 988 881 1028 curati
898 989 939 1028 et
958 987 1139 1039 graciles
1158 986 1375 1027 homines.
1393 986 1478 1028 Ve
1503 988 1618 1028 enim
1641 987 1769 1039 sylla-

417 1065 518 1104 bam
543 1065 605 1104 rei
627 1077 771 1117 parvae
807 1063 1138 1117 praeponebant,
1163 1063 1280 1103 unde
1312 1060 1562 1106 Vediovem*
1587 1076 1770 1116 parvum

418 1140 568 1181 Iovem
593 1143 633 1182 et
656 1137 909 1194 veqrandem
931 1140 1076 1181 fabam
1103 1141 1320 1180 minutam
1345 1139 1557 1181 dicebant.

358 1217 657 1258 Vaticanus
692 1216 851 1257 conis
888 1216 1135 1269 appellatus
1158 1218 1235 1264 est,
1274 1215 1390 1269 quod
1428 1229 1477 1256 eo
1516 1216 1678 1268 potitus
1717 1219 1771 1256 sit

308 1307 340 1331 15
416 1294 607 1347 populus
630 1294 859 1333 Romanus
882 1294 1032 1333 vatum
1054 1305 1263 1345 responso
1288 1292 1472 1346 expulsis
1496 1291 1703 1334 Etruscis.

356 1370 407 1410 V
409 1370 686 1411 ivissimus
710 1369 996 1422 superlativus
1020 1382 1045 1409 a
1066 1368 1223 1410 vivido.

356 1446 694 1498 Ungulatros
718 1459 884 1497 ungues
915 1459 1097 1498 magnos
1124 1447 1252 1498 atque
1281 1458 1456 1498 asperos
1490 1444 1596 1486 Cato
1620 1446 1764 1499 appel-

416 1523 533 1563 lavit.

353 1599 717 1640 Verberitare
753 1597 867 1639 idem
913 1597 1018 1639 Cato
1043 1598 1358 1650 frequentative
1383 1597 1437 1638 ab
1462 1612 1524 1647 eo,
1561 1597 1677 1650 quod
1701 1601 1767 1638 est

302 1684 337 1709 20
415 1676 606 1725 verbero,
634 1675 748 1716 dixit.

354 1753 536 1804 Vopte
559 1766 637 1805 pro
662 1765 736 1793 vos
759 1752 843 1805 ipsi
867 1750 973 1792 Cato
996 1751 1154 1804 posuit.

353 1829 467 1870 Ver
511 1838 731 1869 Sacrum
768 1826 950 1869 vovendi
986 1841 1078 1867 mos
1118 1827 1199 1867 fuit
1233 1827 1368 1869 Italis.
1424 1827 1593 1879 Magnis
1647 1828 1763 1867 enim

411 1905 614 1959 periculis
648 1904 822 1945 adducti
846 1904 1071 1953 vovebant,
1107 1917 1390 1957 quaecumque
1424 1905 1621 1956 proximo
1657 1917 1763 1944 vere

410 1984 512 2023 nata
540 1984 684 2022 essent
719 1980 834 2033 apud
858 1994 914 2028 se,
939 1980 1147 2021 animalia
1190 1979 1505 2021 immolaturos.
1546 1978 1628 2020 Sed
1664 1992 1761 2020 cum

300 2071 334 2095 25
410 2057 582 2098 crudele
615 2056 833 2097 videretur
854 2069 1012 2109 pueros
1054 2069 1102 2096 ac
1137 2056 1307 2109 puellas
1342 2056 1597 2096 innocentes
1630 2056 1758 2097 inter-

410 2133 547 2181 ficere,
581 2132 814 2186 perductos
847 2132 894 2172 in
930 2132 1126 2172 adultam
1170 2134 1340 2173 aetatem
1385 2131 1592 2173 velabant
1632 2133 1759 2185 atque

408 2210 469 2250 ita
492 2211 611 2250 extra
632 2208 738 2250 fines
761 2221 863 2249 suos
888 2208 1130 2261 exigebant.

348 2285 648 2326 Versuram
681 2285 822 2325 facere
872 2287 1070 2325 mutuam
1104 2284 1336 2337 pecuniam
1385 2297 1557 2325 sumere
1595 2297 1643 2324 ex
1709 2297 1758 2324 eo

409 2361 571 2402 dictum
607 2363 680 2410 est,
705 2360 822 2415 quod
845 2360 968 2401 initio
993 2360 1068 2413 qui
1100 2361 1418 2401 mutuabantur
1440 2361 1494 2401 ab
1535 2359 1644 2408 aliis,
1667 2374 1757 2401 non

298 2458 333 2483 30
408 2440 455 2478 ut
477 2437 657 2478 domum
680 2436 854 2487 ferrent,
888 2436 962 2477 sed
985 2439 1033 2477 ut
1068 2436 1163 2476 aliis
1204 2435 1433 2485 solverent,
1471 2436 1589 2477 velut
1624 2439 1757 2477 verte-

408 2515 505 2554 rent
522 2512 792 2554 creditorem.

349 2590 448 2630 Vae
481 2589 643 2630 vobis
666 2588 890 2629 dicebatur
914 2589 967 2628 ab
993 2588 1198 2641 antiquie,
1224 2590 1265 2629 et
1282 2586 1331 2630 ¹m‘
1355 2585 1486 2630 nobis.

348 2666 608 2707 vinciam
630 2665 831 2706 dicebant
853 2665 1162 2705 continentem.

348 2742 643 2783 Vernisera
664 2741 894 2787 messalia†
918 2742 1111 2793 auguria.
