2072 3222
301 139 383 177 :5:38
447 150 503 179 Qu.
520 148 586 173 ΧΗ.
600 146 644 172 25.
720 148 842 175 FEszrr
855 147 1012 174 FRAGM.
1027 146 1053 172 E
1069 146 1161 174 ooo.
1176 145 1300 173 FARN.
1314 145 1352 173 L.
1369 145 1451 172 XVI.
1633 144 1664 167 P.
1680 141 1733 166 0254
1746 143 1784 166 Μ.

301 266 487 316 Quirites
540 266 687 305 autem
741 263 841 303 dicti
893 263 992 315 post
1043 260 1186 302 foedus
1239 273 1263 301 a
1328 260 1517 301 Romulo
1571 261 1612 300 et
1663 259 1785 300 Tatio

301 355 568 396 percussum,
623 339 981 381 communionem
1025 341 1068 379 et
1113 339 1367 378 societatem
1419 336 1574 390 populi
1626 336 1786 377 factam

302 419 509 459 indicant.
905 413 923 470 ΙΙ
950 414 1192 465 Quirinalia
1224 427 1375 454 mense
1410 413 1648 453 Februario
1682 411 1788 461 dies,

304 510 387 549 quo
442 494 613 545 Quirini
678 493 790 533 fiunt
840 505 975 532 sacra.
1055 491 1170 531 idem
1236 491 1471 531 stultorum
1535 490 1649 530 feria¹
1714 502 1785 542 ap-

252 589 266 610 .=.
302 573 588 626 pellantur†
680 571 915 622 antequam
991 569 1034 608 in
1111 581 1211 608 eum
1288 566 1627 619 commigrarent
1701 566 1788 606 fere

236 975 270 999 10

243 1740 278 1764 20

249 2503 284 2526 30

304 648 455 690 Sabini
526 647 709 689 Curibus
780 646 1007 686 venientes
1079 646 1179 697 post
1239 643 1392 685 foedus
1452 644 1566 683 inter
1627 644 1787 683 Romu-

303 727 394 766 lum
413 727 454 765 et
475 726 648 764 Tatium
667 725 682 757 †
705 721 820 775 quod
834 720 1008 775 quidem
1029 723 1045 756 ’ὲ
1067 734 1247 761 suorum
1261 720 1551 761 fornacalium
1567 733 1788 761 sacrorum

305 802 613 854 cognominant
691 802 725 847 i,
801 813 850 840 eo
925 798 1202 851 potissimum
1280 811 1372 837 rem
1455 796 1647 837 divinam
1727 796 1786 836 fa-

305 880 436 920 ciunt.
502 875 520 932 ΙΙ
545 875 781 928 Quirinalis
819 875 955 925 collis,
993 875 1066 927 qui
1098 887 1217 914 nunc
1249 873 1414 920 dicitur,
1449 873 1552 913 olim
1577 886 1742 926 egonus
1769 874 1785 903 4

305 955 620 1009 appellabatur,
714 954 814 994 ante
899 965 1029 1004 quam
1123 953 1168 990 in
1261 963 1360 990 eum
1454 950 1792 1002 commigrarent

306 1033 392 1073 fere
476 1031 651 1072 Sabinis
747 1031 764 1061 4
861 1028 1046 1070 Curibus
1139 1028 1362 1067 venientes
1453 1029 1551 1079 post
1641 1025 1791 1066 foedus

306 1112 420 1150 inter
464 1108 703 1148 Romulum
757 1107 798 1146 et
842 1105 1015 1145 Tatium
1068 1105 1211 1145 ictum.
1265 1117 1289 1143 a
1342 1116 1425 1156 quo
1478 1102 1591 1142 hanc
1644 1102 1790 1154 appel-

307 1187 516 1227 lationem
590 1184 762 1225 sortitus
836 1185 922 1223 est:
1000 1183 1200 1234 quamvis
1276 1179 1525 1220 existiment
1600 1177 1791 1230 quidam,

308 1262 423 1315 quod
447 1263 491 1302 in
516 1275 564 1302 eo
589 1262 752 1301 factum
775 1259 829 1300 sit
850 1259 1064 1311 templum
1088 1257 1284 1308 Quirino,
1301 1257 1359 1297 ita
1374 1255 1552 1296 (lictum.
1577 1252 1596 1309 ΙΙ
1613 1255 1794 1304 Quirina

308 1340 464 1380 Tribus
533 1352 555 1378 a
625 1336 891 1378 Curensibus
969 1334 1142 1375 Sabinis
1218 1333 1562 1386 appellationem
1624 1330 1795 1371 videtur

308 1415 501 1457 traxisse.
649 1411 668 1468 ΙΙ
704 1413 937 1463 Quiritium
994 1412 1117 1451 fossze
1164 1409 1394 1458 dicuntur,
1445 1408 1600 1461 quibus
1649 1410 1795 1447 Ancus

309 1492 498 1533 Marcius
561 1490 795 1531 circudedit
857 1489 1036 1537 urbem,
1113 1500 1244 1539 quam
1318 1485 1559 1526 secundum
1637 1485 1795 1524 ostium

311 1570 476 1610 Tiberis
528 1568 685 1621 posuit,
740 1580 788 1607 ex
844 1580 928 1619 quo
983 1566 1113 1606 etiam
1167 1563 1346 1604 Ostiam.
1402 1565 1442 1602 et
1493 1564 1594 1615 quia
1646 1560 1796 1613 populi

313 1659 444 1699 opera
489 1659 560 1686 eas
606 1646 780 1690 facerat,
816 1643 1055 1696 appellavit
1088 1641 1334 1691 Quiritium.
1624 1635 1642 1692 ΙΙ
1667 1637 1797 1687 Quin-

313 1724 487 1763 centum
552 1723 592 1761 et
654 1719 866 1773 producta
928 1718 1071 1771 prima
1134 1717 1322 1769 syllaba,
1376 1717 1417 1756 et
1468 1728 1544 1767 per
1597 1728 1630 1753 c.
1686 1713 1795 1752 litte-

312 1813 405 1838 ram
467 1799 682 1850 usurpant
748 1798 764 1833 l
834 1794 1015 1847 antiqui,
1081 1793 1194 1846 quod
1258 1794 1407 1845 postea
1469 1791 1606 1831 levius
1659 1791 1796 1829 visum

315 1878 389 1924 est,
422 1875 482 1914 ita
515 1875 561 1913 ut
594 1886 711 1912 nunc
745 1871 929 1912 dicimus
962 1869 1249 1924 pronuntiari.
1482 1865 1500 1923 ΙΙ
1525 1866 1608 1916 Qui
1640 1870 1797 1919 patrea

316 1951 389 2004 qui
443 1950 675 2001 conscripti
740 1948 880 1989 vocati
945 1951 1047 1987 sunt
1099 1948 1144 1986 in
1209 1945 1419 1986 Curiam?
1471 1957 1554 1996 quo
1604 1946 1799 1995 tempore

314 2027 485 2079 regibus
559 2025 743 2072 urbemiL
807 2023 1011 2077 expulsis,
1076 2022 1121 2062 P.
1199 2021 1397 2062 Valerius
1461 2019 1555 2061 Cos.
1624 2021 1802 2072 propter

316 2103 512 2156 inopiam
595 2101 877 2154 patriciorum
956 2114 1005 2140 ex
1082 2098 1208 2152 plebe
1287 2096 1448 2149 adlegit
1522 2096 1567 2136 in
1649 2108 1798 2135 nume—

316 2193 413 2219 rum
495 2180 745 2219 senatorum
823 2175 867 2217 G.
935 2179 976 2215 et
1037 2175 1125 2215 LX.
1203 2177 1243 2215 et
1305 2173 1418 2222 HIL,
1490 2174 1539 2213 ut
1612 2171 1804 2224 expleret

317 2268 551 2295 numerum
625 2256 877 2294 senatorum
953 2254 1268 2297 trecentorum,
1333 2254 1375 2290 et
1441 2251 1457 2278 4
1527 2249 1611 2288 duo
1673 2260 1801 2300 gene-

318 2345 364 2371 ra
410 2330 650 2384 appellaret
697 2342 787 2369 esse
855 2330 890 2368 4,
955 2325 973 2382 ΙΙ
997 2327 1223 2380 Quispiam
1286 2326 1390 2379 quin
1452 2324 1663 2377 significet
1726 2322 1802 2363 ali-

320 2407 428 2460 quis,
465 2410 505 2447 et
538 2397 771 2459 quaepiam
807 2404 978 2457 aliquae
1017 2406 1052 2451 t,
1089 2403 1288 2443 similiter
1322 2405 1394 2455 qui
1435 2408 1452 2448 †
1490 2401 1577 2441 alia
1610 2398 1802 2440 eiusdem

318 2484 500 2537 generis,
554 2484 601 2522 ut
654 2481 837 2521 dubium
890 2493 980 2521 non
1033 2482 1109 2527 est,
1162 2480 1223 2520 ita
1276 2482 1324 2519 ut
1379 2485 1396 2525 †
1453 2477 1566 2518 uncle
1620 2489 1805 2528 sequens

320 2574 420 2614 pars
453 2560 544 2599 eius
578 2557 742 2611 coperit
778 2563 812 2606 ἢ,
845 2556 1034 2596 inveniri
1065 2569 1156 2596 non
1189 2558 1342 2608 potest.
1630 2550 1648 2607 ΙΙ
1671 2552 1804 2602 Quin—

323 2641 503 2689 quatrus
606 2633 821 2686 appellari
933 2632 1110 2684 quidam
1253 2632 1414 2684 putant
1505 2643 1530 2669 a
1621 2640 1805 2668 numero

322 2713 502 2760 ‹liei-um,
556 2710 628 2764 qui
680 2710 767 2750 fere
822 2710 890 2749 his
929 2715 945 2756 ’ᾖ
983 2708 1271 2749 celebrantur.
1321 2706 1435 2760 quod
1468 2705 1628 2746 scilicet
1660 2707 1807 2745 errant

322 2793 411 2829 tam
467 2787 657 2835 hercule,
719 2800 849 2840 quam
911 2786 984 2838 qui
1016 2785 1159 2825 triduo
1222 2783 1481 2831 Saturnalia,
1536 2785 1576 2822 et
1627 2780 1806 2822 totidem
