2072 3222
231 176 355 203 99-101
632 180 685 207 DE
709 178 1051 208 smmFICATIONE
1068 180 1309 209 VERBORUM.
1656 170 1701 210 71

294 293 498 335 Mercurii
526 307 690 335 nomen
713 294 965 343 inventoris,
999 297 1046 335 ut
1067 295 1297 348 putabant,
1331 296 1464 338 firmae
1500 299 1709 339 orationis

295 363 469 405 dictum.
493 363 719 405 Interdum
743 364 873 405 etiam
897 365 1125 406 saburram
1148 367 1373 419 significat.

233 434 398 484 Here,
440 433 482 475 id
520 437 585 476 est-
622 434 876 476 adverbium
914 436 1122 489 temporis
1160 437 1265 486 heri,
1305 437 1465 480 dictum
1501 453 1525 480 a·
1560 438 1708 483 Graeoo

295 505 433 561 ἐχθές.

233 576 403 617 Hetta
425 589 491 618 res
515 576 689 618 minimi
711 577 854 631 pretii,
879 579 1002 629 quasi
1025 577 1156 627 hieta,
1190 578 1233 619 id
1257 582 1319 620 est
1350 580 1495 622 hiatus
1519 581 1709 624 hominis

292 650 420 700 atque
457 649 668 689 oscitatio.
705 648 791 688 Alii
825 647 1031 700 pusulam
1067 647 1267 690 dixerunt
1302 665 1406 699 esse,
1443 665 1536 704 quae
1571 653 1617 692 in
1640 666 1707 693 co-

293 717 465 770 quendo
500 731 614 771 pane
651 719 760 759 solet
798 718 1044 771 adsurgere,
1080 733 1105 761 a
1140 733 1224 772 qua
1260 722 1395 775 accipi
1419 736 1508 763 rem
1543 723 1709 764 nullius

291 790 431 842 pretii,
456 802 554 829 cum
579 789 788 830 dicimus:
815 802 899 831 non
922 787 1039 831 hetta
1064 796 1097 832 te
1117 788 1246 844 fficio.

231 859 413 900 Heres
437 858 553 912 apud
577 859 779 912 antiquos
803 873 880 913 pro
905 860 1083 901 domino
1109 862 1366 914 ponebatur.

231 929 541 971 Heredium
563 929 776 983 przedium
799 931 1047 983 parvulum.

231 1000 445 1041 Hecate
469 1000 612 1041 Diana
635 999 770 1041 {edem
794 1001 1029 1053 putabatur
1051 1004 1091 1043 et
1114 1001 1240 1042 Luna
1263 1005 1304 1043 et
1328 1003 1598 1057 Proserpina.

160 1080 212 1114 Δ100
234 1070 408 1112 Helus
447 1073 486 1111 et
524 1069 719 1111 helusa
752 1071 920 1123 antiqui
954 1071 1169 1120 dicebant,
1206 1072 1320 1125 quod
1354 1087 1470 1114 nunc
1505 1074 1634 1116 holus
1668 1079 1708 1116 et

290 1141 454 1182 holera.

229 1212 440 1253 Herem
478 1212 754 1252 Marteam
793 1212 963 1264 antiqui
1001 1215 1178 1266 accepta
1220 1213 1454 1255 hereditate
1493 1216 1706 1267 colebant,

291 1296 383 1335 quae
423 1296 447 1323 a
484 1284 664 1323 nomine
703 1283 1009 1336 appellabatur
1046 1283 1280 1332 heredum,
1321 1287 1362 1325 et
1401 1299 1493 1326 esse
1532 1300 1619 1328 una
1658 1301 1707 1328 ex

289 1352 440 1394 Martis
464 1353 696 1394 comitibus
719 1354 970 1406 putabatur.

229 1423 382 1463 Heus
407 1422 660 1464 adverbium
684 1425 870 1465 vocandi
892 1438 916 1465 a
940 1424 1088 1466 Graeco
1114 1423 1186 1471 αὖς
1210 1427 1340 1466 venit.

228 1494 488 1534 Hemona
511 1494 719 1541 humana,
745 1497 786 1536 et
808 1493 1017 1538 hamonem
1044 1496 1268 1538 hominem
1292 1497 1505 1538 dicebant.

228 1564 474 1615 Hariuga
497 1564 722 1606 dicebatur
745 1565 900 1615 hostia,
928 1568 1050 1607 cuius
1073 1567 1339 1609 adhaerentia
1362 1569 1706 1621 inspiciebantur

289 1638 396 1676 exta.

228 1706 418 1747 Hebes
440 1706 608 1747 retunsi
630 1708 857 1748 acuminis.

228 1776 474 1817 Helucus
498 1777 552 1817 ab
576 1777 699 1818 hiatu
723 1780 763 1818 et
787 1778 1045 1819 oscitatione
1070 1779 1221 1820 dictus.

227 1848 469 1888 Hemina
493 1862 542 1889 ex
576 1846 725 1889 Graeco
760 1849 897 1894 ξὲῦτον)
921 1847 1137 1904 finicenae&
1175 1849 1290 1903 quod
1313 1856 1375 1891 est
1403 1849 1582 1891 dimidia
1604 1865 1702 1904 pars

286 1919 472 1958 sextarii.

227 1988 591 2030 Heliconides
614 1989 748 2030 Musae
773 2004 795 2030 a
821 1996 967 2031 monte
991 1989 1204 2031 Helicone
1228 1994 1401 2032 vocat-ze.

226 2058 454 2100 Hedera
477 2058 603 2109 dicta,
628 2060 743 2112 quod
765 2061 939 2110 haereat,
973 2062 1059 2102 sive
1084 2062 1199 2113 quod
1223 2061 1337 2103 edita-
1359 2064 1489 2114 petat,
1512 2062 1578 2102 vel
1604 2062 1704 2114 quia

287 2130 342 2179 id,
379 2131 447 2170 cui
483 2130 724 2179 adhaeserit,
761 2131 872 2172 edat.
910 2131 1011 2182 Qua>
1047 2134 1093 2172 in
1128 2133 1265 2172 tutela
1297 2132 1438 2172 Liberi
1472 2132 1704 2185 putabatur

287 2215 391 2249 esse,
427 2203 541 2254 quia,
565 2203 612 2241 ut
634 2202 706 2243 ille
730 2202 899 2243 iuvenis
931 2216 1113 2256 semper,
1150 2205 1209 2243 ita
1233 2203 1322 2243 haee
1346 2203 1476 2250 viret;
1513 2203 1579 2243 vel
1604 2204 1703 2255 quia

287 2273 345 2312 ita
368 2273 530 2321 omnia,
555 2274 663 2313 sicut
685 2273 758 2314 ille
783 2276 950 2314 mentes
973 2273 1217 2322 hominum,
1241 2273 1409 2325 inligat.

226 2342 473 2383 Herbilis
497 2353 660 2384 anser
682 2344 814 2385 herba
837 2347 1000 2397 pastus,
1035 2345 1107 2397 qui
1129 2344 1330 2396 gracilior
1353 2347 1428 2392 est,
1463 2357 1593 2396 quam
1618 2344 1700 2384 fru-

287 2416 434 2453 mento
458 2413 586 2454 altus.

227 2483 500 2525 Hercules
524 2484 829 2535 astrologus
849 2486 1001 2533 dictus,
1027 2485 1141 2538 quod
1161 2498 1209 2525 eo
1234 2484 1300 2525 die
1320 2498 1362 2524 se
1386 2485 1573 2526 flammis
1597 2485 1699 2525 inie-

287 2554 354 2602 cit,
379 2566 463 2606 quo
486 2554 632 2595 futura
655 2557 746 2595 erat
770 2555 1016 2596 obscuratio
1039 2555 1155 2596 solis.

227 2623 460 2664 Hernici
483 2624 585 2665 dicti
607 2639 631 2665 a
655 2627 781 2674 saxis,
805 2639 898 2678 qua}
923 2626 1055 2666 Marsi
1078 2623 1206 2667 lim-lm
1232 2624 1392 2665 dicunt.

161 2700 208 2732 wi
227 2693 540 2734 Histriones
564 2694 678 2742 dicti,
704 2695 820 2748 quod
844 2696 1033 2748 primum
1058 2709 1106 2735 ex
1129 2695 1294 2735 Histria
1316 2696 1524 2736 venerint.

228 2763 464 2804 Hercius
487 2764 684 2818 Iuppiter
707 2766 818 2806 intra
843 2768 1100 2818 conseptum
1125 2765 1279 2805 domus
1300 2766 1506 2818 cuiusque
1531 2765 1698 2805 coleba-

286 2836 366 2881 tur,
393 2847 522 2886 quem
547 2836 676 2875 etiam
700 2835 829 2875 deum
851 2835 1122 2888 penetralem
1146 2835 1439 2888 appellabant.

1751 593 1766 616 5

1731 943 1765 968 10

1730 1299 1762 1322 15

1727 1651 1762 1674 20

1725 2359 1759 2383 30

1723 2711 1757 2734 35
