2072 3222
345 149 400 189 58
660 161 786 190 PAULI
807 161 1023 190 EXCERPTA
1045 162 1100 191 Ex
1121 163 1205 191 LIB.
1229 164 1353 192 POMP.
1377 164 1499 192 Fusrr
1717 162 1824 189 82—83

343 277 509 318 Exim
534 278 660 318 metri
683 291 812 319 causa
836 277 991 318 dicitur
1012 291 1089 331 pro
1114 278 1280 320 exinde.

344 348 566 398 ΕΧΕΞἙΟ,
592 351 709 390 extra
732 350 836 390 esto.
861 348 929 389 Sic
954 350 1070 390 enim
1094 349 1219 391 lictor
1233 350 1280 390 in
1304 350 1566 403 quibusdam
1589 353 1720 392 sacris
1737 353 1821 392 cla-

404 418 611 460 mitabat:
650 418 801 468 hostis,
839 420 1024 469 vinctus,
1068 420 1240 470 mulier,
1284 422 1404 474 virgo
1449 423 1617 469 exestog
1662 422 1824 463 scilicet

404 489 611 531 interesse
633 489 962 542 prohibebatur.

306 575 320 599 5
344 559 619 612 Epulares
663 559 1016 613 appellabantur,
1061 561 1134 613 qui
1168 562 1212 602 in
1249 561 1511 614 quibusdam
1547 561 1660 602 ludis
1695 563 1822 602 nocte

404 630 709 683 epulabantur.

343 701 681 754 Epistylium
703 701 835 749 trabs,
862 714 956 754 quae
980 715 1110 755 super
1132 703 1363 743 columnas
1387 703 1580 756 ponitur.

344 771 532 824 Epeus
556 785 719 813 nomen
743 771 971 813 cuiusdam
994 772 1120 823 fabri,
1151 774 1224 826 qui
1247 786 1407 826 equum
1432 773 1627 814 Dureum
1650 773 1762 815 fecit.

344 842 683 894 Epicrocum
717 855 854 895 genus
877 842 1055 883 amiculi
1085 856 1208 884 croco
1230 844 1429 892 tinctum,
1463 846 1594 885 tenue
1619 846 1659 885 et
1681 843 1822 897 perlu-

283 927 319 951 10
403 912 561 953 cidum.

343 983 584 1035 Epulam
608 985 776 1036 antiqui
800 984 931 1024 etiam
954 984 1231 1036 singulariter
1253 997 1452 1037 posuere.

343 1053 647 1106 Epilimma
668 1060 684 1100 †
706 1067 844 1107 genus
868 1054 1065 1094 vilissimi
1087 1055 1315 1107 unguenti.

343 1125 575 1165 Eretum
600 1125 913 1176 citumque†
936 1125 983 1165 fit
1004 1127 1119 1165 inter
1141 1127 1378 1174 consortes,
1402 1128 1449 1166 ut
1470 1126 1516 1166 in
1531 1125 1653 1165 libris
1676 1125 1821 1178 legum

403 1196 705 1236 Romanorum
729 1196 898 1248 legitur.
922 1195 1099 1236 Eretum
1123 1208 1147 1235 a
1171 1195 1408 1236 coercendo
1432 1195 1608 1236 dictum.
1634 1195 1758 1236 Unde
1783 1198 1821 1236 et

284 1280 317 1304 15
404 1266 661 1307 erciscendae
685 1268 726 1307 et
749 1266 909 1307 ercisci.
955 1265 1099 1307 Citum
1122 1269 1269 1307 autem
1294 1268 1358 1307 est
1380 1269 1581 1307 vocatum
1605 1280 1630 1307 a
1653 1266 1822 1306 ciendo.

343 1336 590 1378 Ederam
622 1337 791 1378 flamini
814 1336 932 1377 Diali
954 1350 1096 1390 neque
1120 1339 1308 1390 tangere,
1341 1350 1482 1389 neque
1505 1339 1734 1377 nominare
1757 1336 1821 1377 fas

403 1414 506 1457 erat,
530 1421 607 1462 pro
633 1422 696 1456 eo,
732 1407 848 1460 quod
872 1407 999 1448 edera
1031 1407 1175 1455 vincit,
1212 1407 1263 1447 ad
1287 1407 1592 1461 quodcumque
1616 1421 1659 1448 se
1684 1407 1821 1461 appli-

402 1482 481 1520 cat.
507 1478 591 1520 Sed
614 1493 669 1519 ne
693 1478 878 1519 anulum
903 1478 1079 1531 quidem
1101 1491 1248 1531 gerere
1272 1479 1310 1518 ei
1333 1478 1489 1519 licebat
1511 1478 1713 1528 solidum,
1749 1480 1823 1519 aut

402 1549 593 1602 aliquem
616 1550 661 1590 in
685 1563 728 1590 se
752 1549 912 1591 habere
935 1549 1115 1590 nodum.

282 1633 319 1657 20
342 1619 618 1669 Edeatroe‚
645 1623 719 1673 qui
741 1623 935 1673 praesunt
949 1620 1077 1673 regiis
1101 1621 1254 1674 epulis,
1280 1621 1381 1662 dicti
1396 1620 1473 1661 ἀπὸ
1487 1627 1560 1660 τῶν
1577 1619 1820 1674 ἐδεσμάτων.

342 1690 556 1731 Ervum
591 1694 632 1731 et
668 1691 864 1732 ervilia
898 1706 922 1732 a
958 1690 1107 1732 Graeco
1144 1694 1246 1733 sunt
1281 1692 1408 1741 dicta,
1446 1692 1547 1744 quia
1583 1691 1647 1731 illi
1670 1704 1820 1732 ervum

403 1762 559 1815 ὄροβος,
585 1762 782 1803 erviliam
806 1762 1014 1816 ἐρέβινθος
1038 1763 1277 1816 appellant.

342 1832 488 1883 Ergo
514 1834 758 1886 correptum
783 1832 997 1885 significat
1019 1832 1148 1882 idem,
1178 1833 1292 1886 quod
1316 1832 1431 1886 apud
1455 1831 1628 1874 Graeeos
1651 1831 1816 1879 οὐκοῦν;

402 1902 609 1955 producte
646 1903 773 1951 idem,
811 1903 927 1956 quod
961 1907 1094 1958 χάριν,
1130 1903 1211 1944 1100
1247 1906 1309 1944 est
1340 1904 1491 1955 gratia,
1529 1916 1627 1943 cum
1661 1903 1821 1944 scilicet

283 1986 317 2011 25
401 1975 538 2026 gratia
560 1975 830 2027 intellegitur
846 1987 923 2027 pro
949 1987 1092 2014 causa.
1117 1973 1200 2014 Sed
1218 1973 1327 2013 illud
1351 1975 1550 2027 superius
1573 1973 1703 2014 etiam
1727 1974 1819 2014 sine

402 2045 611 2098 exemplis
634 2048 787 2086 notum
811 2048 898 2093 est;
935 2045 1017 2085 hoc
1051 2045 1232 2086 inferius
1255 2046 1314 2085 sic
1336 2045 1560 2093 formatur,
1595 2058 1693 2084 cum
1717 2043 1818 2084 dici-

401 2128 497 2155 mus
522 2114 572 2155 de
596 2115 769 2168 aliquo:
794 2117 938 2156 statua
952 2115 1142 2156 donatus
1157 2117 1220 2155 est
1233 2114 1411 2156 honoris
1434 2114 1688 2167 virtutisque
1704 2126 1817 2166 ergo,

402 2184 443 2225 i'd
467 2187 529 2226 est
552 2186 731 2227 honoris
755 2185 1011 2242 virtutisque
1036 2198 1179 2226 causa.

342 2255 576 2296 Eritudo
601 2256 834 2297 servitude.

283 2339 319 2363 30
342 2325 590 2376 Effugere
630 2327 764 2367 semel
801 2326 962 2367 factum
1000 2325 1226 2377 significat,
1266 2325 1381 2378 quod
1419 2326 1612 2366 eructare
1645 2326 1817 2377 saepius.

402 2396 519 2436 Illud
543 2396 659 2437 enim
684 2397 882 2450 perfectae
905 2397 1053 2437 formae
1077 2399 1153 2443 est,
1179 2396 1261 2436 hoc
1284 2396 1625 2448 frequentativae.

341 2466 591 2507 Erebum
626 2467 832 2520 Virgilius
866 2467 1087 2507 interdum
1123 2466 1432 2506 obscuritatem
1469 2465 1691 2518 quandam
1725 2478 1816 2506 esse

402 2538 602 2579 describit
625 2538 740 2591 apud
762 2539 938 2587 inferos,
963 2551 1063 2578 cum
1085 2538 1168 2577 ait:
1199 2537 1338 2578 «Imas
1365 2537 1495 2578 Erebi
1518 2536 1739 2577 descendit
1763 2535 1817 2576 ad

401 2609 616 2649 umbras.»
666 2608 891 2650 interdum
930 2608 1096 2649 fiumen
1140 2607 1334 2648 eiusdem
1378 2608 1475 2657 loci,
1518 2607 1690 2649 dicens:
1739 2605 1817 2646 «Et

280 2691 316 2715 35
401 2692 582 2731 magnos
617 2679 748 2720 Erebi
782 2679 1107 2721 transnavimus
1143 2691 1338 2720 amnes».
1382 2678 1516 2719 Varro
1551 2691 1650 2718 vero
1672 2676 1814 2717 Erebo

401 2753 550 2790 natam
574 2753 746 2791 noctem
770 2751 841 2790 ait.
866 2749 989 2791 Unde
1014 2752 1077 2790 est
1099 2752 1139 2790 et
1160 2748 1293 2790 illud:
1330 2748 1496 2789 «Erebo
1520 2750 1662 2788 creata
1684 2747 1814 2787 fuscis

401 2820 592 2860 crinibus
616 2834 714 2869 noX,
743 2822 782 2860 te
805 2821 999 2860 invoco.»
