2072 3222
400 126 450 167 1ss
714 135 838 163 PAULI
861 133 1079 161 EXGERPTA
1100 132 1155 158 Ex
1176 131 1260 158 ΜΒ.
1282 130 1409 158 POMP.
1432 129 1553 156 FnsTI
1777 124 1883 151 ffel—22

393 254 719 305 Amsegetes
742 251 957 298 dicuntur,
994 261 1181 301 quorum
1204 260 1306 300 ager
1327 246 1443 288 viam
1465 244 1619 297 tangit.

394 325 605 366 Amnes
623 322 796 377 perticae
819 320 1067 373 aucupales.

391 393 769 448 Ampendices
793 390 1050 432 dicebantur
1083 389 1136 430 ab
1161 389 1364 442 antiquis,
1401 387 1517 441 quod
1552 386 1878 440 circumpende-

448 469 557 515 rent,
583 478 691 519 quos
713 479 831 506 nunc
855 458 1109 521 appendices
1133 459 1423 513 appellamus.

331 560 343 581 .-,
389 536 722 589 Ablegmina
744 538 889 589 partes
912 535 1121 581 extorum,
1146 545 1242 585 quae
1265 530 1329 571 dis
1351 529 1656 571 immolabant.

388 607 729 649 Ambulaora
752 605 1087 647 ambulationes,

387 678 589 720 Amian
611 690 750 730 genus
774 677 916 730 piscis.

386 748 615 790 Ameria.
636 747 740 788 urbs
763 748 807 787 in
831 745 1012 787 Umbria
1035 743 1089 785 ab
1113 743 1261 784 Amiro
1284 743 1344 782 sic
1367 741 1603 796 appellata.

385 818 660 872 Adsipere
685 820 725 858 et
747 816 1050 869 praesipere
1087 814 1289 855 dicebant
1312 813 1494 866 antiqui,
1530 812 1641 853 sicut
1664 825 1745 852 nos
1768 825 1872 866 quo-

329 911 363 935 10
447 904 528 944 que
568 889 697 930 modo
734 887 919 928 dicimus
954 886 1008 926 ab
1044 899 1169 938 aequo
1206 885 1422 938 iniquum,
1459 883 1515 924 ab
1540 882 1773 936 quaerendo
1807 883 1871 923 in-

445 973 630 1015 quirere.

383 1031 714 1073 Admissivae
730 1043 829 1070 aves
847 1028 1104 1070 dicebantur
1117 1027 1171 1068 ab
1187 1026 1438 1080 auguribus,
1460 1039 1555 1080 quae
1570 1025 1872 1067 consulentem

441 1102 654 1144 iuberent.

382 1172 614 1216 Adulari
637 1175 701 1213 est
724 1172 1015 1226 compositum
1039 1184 1089 1211 ex
1111 1154 1355 1212 accedendo
1379 1170 1421 1210 et
1443 1168 1649 1210 ludendo.
1665 1168 1686 1188 ³³

325 1266 358 1289 15-
382 1244 759 1287 Addubanurn
781 1243 979 1284 dubium.

381 1315 616 1357 Adulter
639 1317 680 1355 et
706 1312 960 1354 adultera
977 1312 1195 1362 dicuntur,
1234 1312 1350 1365 quod
1385 1313 1427 1352 et
1448 1311 1521 1352 ille
1545 1310 1599 1353 ad
1621 1311 1804 1352 alteram
1829 1312 1870 1352 et
1906 1323 1939 1357 22

440 1386 530 1428 haec
553 1386 606 1426 ad
631 1385 818 1426 alterum
841 1398 885 1426 se
910 1384 1151 1425 conferunt.

380 1456 613 1508 Aquilus
650 1456 770 1497 color
807 1456 871 1496 est
904 1455 1051 1495 fuscus
1086 1457 1128 1494 et
1149 1454 1366 1507 subniger,
1407 1468 1431 1494 a
1455 1467 1540 1508 quo
1576 1450 1727 1509 aquila
1752 1452 1866 1494 dicta

439 1541 529 1568 esse
552 1527 731 1574 videtur,
757 1525 956 1579 quamvis
980 1539 1077 1566 eam
1092 1525 1146 1566 ab
1171 1528 1294 1565 acute
1311 1525 1498 1565 volando
1518 1525 1678 1565 dictam
1695 1523 1863 1564 volunt.

440 1598 623 1651 Aquilus
659 1599 804 1639 autem
840 1598 961 1638 color
995 1597 1048 1636 ab
1083 1610 1198 1650 aqua
1233 1600 1295 1637 est
1318 1597 1585 1637 nominatus.
1629 1595 1740 1636 Nam
1764 1608 1863 1635 cum

438 1669 606 1722 antiqui
641 1668 748 1708 duos
773 1668 954 1709 omnino
978 1668 1200 1708 naturales
1230 1669 1423 1716 nossent,
1457 1667 1499 1707 id
1536 1668 1599 1707 est
1631 1665 1783 1707 album
1822 1668 1863 1706 et

436 1740 622 1791 nigrum,
659 1739 940 1779 intervenerit
975 1740 1120 1778 autem
1144 1739 1179 1778 is
1216 1751 1402 1791 quoque,
1439 1737 1513 1791 qui
1534 1739 1594 1779 ita
1628 1739 1772 1778 neutri
1805 1737 1859 1778 si-

439 1810 554 1850 milis
577 1812 653 1859 est,
678 1812 724 1850 ut
746 1812 893 1850 tamen
917 1809 971 1849 ab
995 1811 1178 1862 utroque
1202 1810 1513 1862 proprietatem
1536 1808 1692 1856 trahat,
1728 1809 1859 1862 potis-

437 1881 596 1921 simum
631 1881 685 1921 ab
724 1893 839 1934 aqua
873 1893 973 1920 eum
1009 1880 1362 1927 denominarunt,
1402 1879 1525 1919 cuius
1559 1881 1750 1920 incertus
1797 1881 1861 1920 est

321 1620 356 1643 20

435 1951 564 1992 color.

374 2021 577 2073 Aquilo
613 2025 767 2064 ventus
806 2036 830 2062 a
864 2021 1247 2062 vehementissimo
1281 2021 1430 2061 volatu
1465 2020 1519 2061 ad
1540 2021 1678 2061 instar
1702 2022 1858 2074 aquilae

434 2093 694 2146 appellatur.

373 2162 685 2214 Anquirere
709 2165 772 2204 est
794 2163 1142 2216 circumquirere.

372 2232 607 2274 Andron
625 2233 745 2274 locus
769 2233 977 2274 domicilii
992 2234 1240 2286 appellatur
1262 2233 1484 2286 angustior
1500 2233 1786 2286 longitudine,
1810 2234 1857 2275 in

314 2327 349 2350 30
434 2318 518 2357 quo
573 2304 651 2344 viri
704 2304 883 2357 plurimi
932 2304 1229 2352 morabantur,
1277 2306 1324 2344 ut
1364 2317 1618 2357 gynaeceum
1634 2305 1655 2323 Τί
1701 2317 1727 2344 a
1760 2318 1852 2345 mu-

432 2375 623 2415 lieribus.

371 2444 536 2498 Apud
559 2448 600 2486 et
620 2456 794 2497 penes
823 2449 870 2487 in
892 2446 973 2487 hoc
1008 2446 1225 2495 differunt,
1263 2446 1377 2500 quod
1412 2446 1597 2488 alterum
1619 2461 1852 2501 personam

431 2530 529 2557 cum
567 2516 662 2557 loco
700 2517 927 2570 significat,
966 2517 1152 2559 alterum
1187 2531 1422 2571 personam
1458 2520 1500 2558 et
1522 2518 1767 2560 dominium
1802 2534 1851 2561 ac

430 2588 704 2640 potestatem,
730 2588 844 2640 quod
867 2587 1054 2629 trahitur
1077 2601 1102 2628 a
1122 2588 1312 2641 penitus.

312 2672 346 2695 35
370 2656 564 2698 Anxur
582 2657 828 2706 vocabatur,
850 2672 945 2712 quae
959 2672 1076 2699 nunc
1090 2658 1325 2699 Tarracina
1342 2659 1497 2700 dicitur
1511 2660 1681 2701 Vulscae
1694 2661 1847 2713 gentis,

429 2727 540 2769 sicut
562 2727 621 2768 ait
642 2727 837 2769 Ennius:
870 2729 1126 2770 «Vulsculus
1148 2727 1334 2782 perdidit
1356 2730 1542 2770 Anxur.»
