<?xml version="1.0" encoding="UTF-8"?>
<!DOCTYPE html PUBLIC "-//W3C//DTD XHTML 1.0 Transitional//EN"
    "http://www.w3.org/TR/xhtml1/DTD/xhtml1-transitional.dtd">
<html xmlns="http://www.w3.org/1999/xhtml" xml:lang="en" lang="en">
 <head>
  <title>
</title>
<meta http-equiv="Content-Type" content="text/html;charset=utf-8" />
  <meta name='ocr-system' content='tesseract 3.04.00' />
  <meta name='ocr-capabilities' content='ocr_page ocr_carea ocr_par ocr_line ocrx_word'/>
</head>
<body>
  <div class='ocr_page' id='page_1' title='image "./deverborumsignif00festuoft_0460.png"; bbox 0 0 2072 3222; ppageno 0'>
   <div class='ocr_carea' id='block_1_1' title="bbox 309 136 394 177">
    <p class='ocr_par' dir='ltr' id='par_1_1' title="bbox 309 136 394 177">
     <span class='ocr_line' id='line_1_1' title="bbox 309 136 394 177; baseline 0.012 -1"><span class='ocrx_word' id='word_1_1' title='bbox 309 136 394 177; x_wconf 62' lang='lat'>442</span> 
     </span>
    </p>
   </div>
   <div class='ocr_carea' id='block_1_2' title="bbox 309 973 344 998">
    <p class='ocr_par' dir='ltr' id='par_1_2' title="bbox 309 973 344 998">
     <span class='ocr_line' id='line_1_2' title="bbox 309 973 344 998; baseline -0.029 0"><span class='ocrx_word' id='word_1_2' title='bbox 309 973 344 998; x_wconf 82' lang='lat'>10</span> 
     </span>
    </p>
   </div>
   <div class='ocr_carea' id='block_1_3' title="bbox 308 1349 342 1375">
    <p class='ocr_par' dir='ltr' id='par_1_3' title="bbox 308 1349 342 1375">
     <span class='ocr_line' id='line_1_3' title="bbox 308 1349 342 1375; baseline -0.029 0"><span class='ocrx_word' id='word_1_3' title='bbox 308 1349 342 1375; x_wconf 90' lang='grc'>15</span> 
     </span>
    </p>
   </div>
   <div class='ocr_carea' id='block_1_4' title="bbox 311 1739 347 1763">
    <p class='ocr_par' dir='ltr' id='par_1_4' title="bbox 311 1739 347 1763">
     <span class='ocr_line' id='line_1_4' title="bbox 311 1739 347 1763; baseline -0.056 0"><span class='ocrx_word' id='word_1_4' title='bbox 311 1739 347 1763; x_wconf 77' lang='lat'>20</span> 
     </span>
    </p>
   </div>
   <div class='ocr_carea' id='block_1_5' title="bbox 314 2499 350 2524">
    <p class='ocr_par' dir='ltr' id='par_1_5' title="bbox 314 2499 350 2524">
     <span class='ocr_line' id='line_1_5' title="bbox 314 2499 350 2524; baseline -0.028 0"><span class='ocrx_word' id='word_1_5' title='bbox 314 2499 350 2524; x_wconf 76' lang='lat'>30</span> 
     </span>
    </p>
   </div>
   <div class='ocr_carea' id='block_1_6' title="bbox 448 143 1792 928">
    <p class='ocr_par' dir='ltr' id='par_1_6' title="bbox 448 143 1792 928">
     <span class='ocr_line' id='line_1_6' title="bbox 448 143 1792 178; baseline -0.003 0"><span class='ocrx_word' id='word_1_6' title='bbox 448 148 506 178; x_wconf 72' lang='lat' dir='ltr'>Qu.</span> <span class='ocrx_word' id='word_1_7' title='bbox 521 147 596 172; x_wconf 76' lang='lat' dir='ltr'>X1v.</span> <span class='ocrx_word' id='word_1_8' title='bbox 613 145 656 173; x_wconf 67' lang='lat'>12.</span> <span class='ocrx_word' id='word_1_9' title='bbox 702 148 823 176; x_wconf 77' lang='lat' dir='ltr'>FEsTI</span> <span class='ocrx_word' id='word_1_10' title='bbox 841 148 998 176; x_wconf 81' lang='lat' dir='ltr'><strong>FRAGM.</strong></span> <span class='ocrx_word' id='word_1_11' title='bbox 1013 147 1039 174; x_wconf 87' lang='lat' dir='ltr'><strong>E</strong></span> <span class='ocrx_word' id='word_1_12' title='bbox 1054 147 1145 174; x_wconf 79' lang='lat' dir='ltr'>con.</span> <span class='ocrx_word' id='word_1_13' title='bbox 1161 147 1286 175; x_wconf 61' lang='grc' dir='ltr'><strong>ΜΒΝ.</strong></span> <span class='ocrx_word' id='word_1_14' title='bbox 1302 147 1340 175; x_wconf 82' lang='lat' dir='ltr'>L.</span> <span class='ocrx_word' id='word_1_15' title='bbox 1356 147 1476 175; x_wconf 87' lang='lat' dir='ltr'>xv111.</span> <span class='ocrx_word' id='word_1_16' title='bbox 1627 146 1658 171; x_wconf 83' lang='grc' dir='ltr'>Ρ.</span> <span class='ocrx_word' id='word_1_17' title='bbox 1680 143 1733 170; x_wconf 77' lang='grc' dir='ltr'>3υ6</span> <span class='ocrx_word' id='word_1_18' title='bbox 1752 145 1792 170; x_wconf 81' lang='grc' dir='ltr'>Μ.</span> 
     </span>
     <span class='ocr_line' id='line_1_7' title="bbox 520 263 1652 316; baseline -0.002 -11"><span class='ocrx_word' id='word_1_19' title='bbox 520 265 612 305; x_wconf 82' lang='lat' dir='ltr'>ulla</span> <span class='ocrx_word' id='word_1_20' title='bbox 756 265 935 305; x_wconf 89' lang='lat' dir='ltr'>subscus</span> <span class='ocrx_word' id='word_1_21' title='bbox 1081 263 1252 305; x_wconf 75' lang='lat' dir='ltr'>cohibet</span> <span class='ocrx_word' id='word_1_22' title='bbox 1396 276 1652 316; x_wconf 77' lang='lat' dir='ltr'>compagem</span> 
     </span>
     <span class='ocr_line' id='line_1_8' title="bbox 522 338 1652 382; baseline -0.001 -2"><span class='ocrx_word' id='word_1_23' title='bbox 522 340 668 382; x_wconf 82' lang='lat' dir='ltr'>alvei.»</span> <span class='ocrx_word' id='word_1_24' title='bbox 751 339 930 381; x_wconf 86' lang='lat' dir='ltr'>Plautus</span> <span class='ocrx_word' id='word_1_25' title='bbox 1007 339 1325 380; x_wconf 76' lang='lat' dir='ltr'>incastraba†:</span> <span class='ocrx_word' id='word_1_26' title='bbox 1429 338 1652 380; x_wconf 83' lang='lat' dir='ltr'>«Terebin-</span> 
     </span>
     <span class='ocr_line' id='line_1_9' title="bbox 519 414 1652 466; baseline -0.002 -9"><span class='ocrx_word' id='word_1_27' title='bbox 519 419 590 457; x_wconf 84' lang='lat' dir='ltr'>tus</span> <span class='ocrx_word' id='word_1_28' title='bbox 670 416 860 457; x_wconf 86' lang='lat' dir='ltr'>multum</span> <span class='ocrx_word' id='word_1_29' title='bbox 942 415 1010 466; x_wconf 90' lang='lat' dir='ltr'>sit,</span> <span class='ocrx_word' id='word_1_30' title='bbox 1094 420 1135 458; x_wconf 88' lang='lat' dir='ltr'>et</span> <span class='ocrx_word' id='word_1_31' title='bbox 1218 415 1453 457; x_wconf 75' lang='lat' dir='ltr'>subscudes</span> <span class='ocrx_word' id='word_1_32' title='bbox 1536 414 1652 456; x_wconf 80' lang='lat' dir='ltr'>addi-</span> 
     </span>
     <span class='ocr_line' id='line_1_10' title="bbox 520 490 1653 548; baseline -0.002 -14"><span class='ocrx_word' id='word_1_33' title='bbox 520 496 575 534; x_wconf 86' lang='lat' dir='ltr'>te.</span> <span class='ocrx_word' id='word_1_34' title='bbox 586 508 600 530; x_wconf 87' lang='lat'>»</span> <span class='ocrx_word' id='word_1_35' title='bbox 709 490 727 548; x_wconf 87' lang='grc' dir='ltr'>ΙΙ</span> <span class='ocrx_word' id='word_1_36' title='bbox 743 492 834 534; x_wconf 86' lang='lat' dir='ltr'>Sub</span> <span class='ocrx_word' id='word_1_37' title='bbox 933 505 1096 534; x_wconf 88' lang='lat' dir='ltr'>corona</span> <span class='ocrx_word' id='word_1_38' title='bbox 1193 491 1337 532; x_wconf 84' lang='lat' dir='ltr'>venire</span> <span class='ocrx_word' id='word_1_39' title='bbox 1436 492 1653 542; x_wconf 86' lang='lat' dir='ltr'>dicuntur,</span> 
     </span>
     <span class='ocr_line' id='line_1_11' title="bbox 521 568 1652 623; baseline -0.001 -14"><span class='ocrx_word' id='word_1_40' title='bbox 521 569 622 623; x_wconf 84' lang='lat' dir='ltr'>quia</span> <span class='ocrx_word' id='word_1_41' title='bbox 738 569 893 623; x_wconf 87' lang='lat' dir='ltr'>captivi</span> <span class='ocrx_word' id='word_1_42' title='bbox 1012 570 1205 610; x_wconf 76' lang='lat' dir='ltr'>coronati</span> <span class='ocrx_word' id='word_1_43' title='bbox 1323 568 1467 609; x_wconf 88' lang='lat' dir='ltr'>solent</span> <span class='ocrx_word' id='word_1_44' title='bbox 1582 582 1652 609; x_wconf 85' lang='lat' dir='ltr'>ve-</span> 
     </span>
     <span class='ocr_line' id='line_1_12' title="bbox 521 643 1654 697; baseline 0 -11"><span class='ocrx_word' id='word_1_45' title='bbox 521 645 627 694; x_wconf 83' lang='lat' dir='ltr'>nire,</span> <span class='ocrx_word' id='word_1_46' title='bbox 682 648 731 686; x_wconf 91' lang='lat' dir='ltr'>ut</span> <span class='ocrx_word' id='word_1_47' title='bbox 784 647 845 685; x_wconf 86' lang='lat' dir='ltr'>ait</span> <span class='ocrx_word' id='word_1_48' title='bbox 889 643 992 686; x_wconf 84' lang='lat' dir='ltr'>Cato</span> <span class='ocrx_word' id='word_1_49' title='bbox 1048 644 1094 685; x_wconf 89' lang='lat' dir='ltr'>in</span> <span class='ocrx_word' id='word_1_50' title='bbox 1150 658 1214 694; x_wconf 89' lang='lat' dir='ltr'>eo,</span> <span class='ocrx_word' id='word_1_51' title='bbox 1271 645 1346 697; x_wconf 89' lang='lat' dir='ltr'>qui</span> <span class='ocrx_word' id='word_1_52' title='bbox 1400 647 1462 685; x_wconf 87' lang='lat' dir='ltr'>est</span> <span class='ocrx_word' id='word_1_53' title='bbox 1504 643 1555 685; x_wconf 91' lang='lat' dir='ltr'>de</span> <span class='ocrx_word' id='word_1_54' title='bbox 1609 647 1654 686; x_wconf 85' lang='lat' dir='ltr'>re</span> 
     </span>
     <span class='ocr_line' id='line_1_13' title="bbox 521 720 1656 774; baseline -0.001 -12"><span class='ocrx_word' id='word_1_55' title='bbox 521 721 725 763; x_wconf 87' lang='lat' dir='ltr'>militari:</span> <span class='ocrx_word' id='word_1_56' title='bbox 796 724 867 762; x_wconf 84' lang='lat' dir='ltr'>«ut</span> <span class='ocrx_word' id='word_1_57' title='bbox 923 720 1116 774; x_wconf 88' lang='lat' dir='ltr'>populus</span> <span class='ocrx_word' id='word_1_58' title='bbox 1182 726 1318 766; x_wconf 77' lang='lat' dir='ltr'>suus†</span> <span class='ocrx_word' id='word_1_59' title='bbox 1382 734 1459 761; x_wconf 82' lang='lat' dir='ltr'>sua</span> <span class='ocrx_word' id='word_1_60' title='bbox 1522 734 1656 774; x_wconf 82' lang='lat' dir='ltr'>opera</span> 
     </span>
     <span class='ocr_line' id='line_1_14' title="bbox 520 797 1651 852; baseline -0.003 -12"><span class='ocrx_word' id='word_1_61' title='bbox 520 797 666 852; x_wconf 88' lang='lat' dir='ltr'>potius</span> <span class='ocrx_word' id='word_1_62' title='bbox 761 798 816 839; x_wconf 94' lang='lat' dir='ltr'>ob</span> <span class='ocrx_word' id='word_1_63' title='bbox 908 811 1000 839; x_wconf 91' lang='lat' dir='ltr'>rem</span> <span class='ocrx_word' id='word_1_64' title='bbox 1083 798 1192 838; x_wconf 87' lang='lat' dir='ltr'>bene</span> <span class='ocrx_word' id='word_1_65' title='bbox 1286 800 1454 850; x_wconf 87' lang='lat' dir='ltr'>gestam</span> <span class='ocrx_word' id='word_1_66' title='bbox 1536 810 1651 838; x_wconf 89' lang='lat' dir='ltr'>coro—</span> 
     </span>
     <span class='ocr_line' id='line_1_15' title="bbox 522 874 1655 928; baseline -0.003 -12"><span class='ocrx_word' id='word_1_67' title='bbox 522 878 651 916; x_wconf 80' lang='lat' dir='ltr'>natus</span> <span class='ocrx_word' id='word_1_68' title='bbox 772 874 1067 928; x_wconf 77' lang='lat' dir='ltr'>supplicatum</span> <span class='ocrx_word' id='word_1_69' title='bbox 1191 876 1274 923; x_wconf 85' lang='lat' dir='ltr'>eat,</span> <span class='ocrx_word' id='word_1_70' title='bbox 1377 886 1507 926; x_wconf 85' lang='lat' dir='ltr'>quam</span> <span class='ocrx_word' id='word_1_71' title='bbox 1609 887 1655 914; x_wconf 87' lang='lat' dir='ltr'>re</span> 
     </span>
    </p>
   </div>
   <div class='ocr_carea' id='block_1_7' title="bbox 521 949 1657 1389">
    <p class='ocr_par' dir='ltr' id='par_1_7' title="bbox 521 949 1657 1389">
     <span class='ocr_line' id='line_1_16' title="bbox 521 949 1654 1004; baseline -0.003 -12"><span class='ocrx_word' id='word_1_72' title='bbox 521 952 634 992; x_wconf 87' lang='lat' dir='ltr'>male</span> <span class='ocrx_word' id='word_1_73' title='bbox 736 953 856 1004; x_wconf 84' lang='lat' dir='ltr'>gesta</span> <span class='ocrx_word' id='word_1_74' title='bbox 957 952 1190 992; x_wconf 84' lang='lat' dir='ltr'>coronatus</span> <span class='ocrx_word' id='word_1_75' title='bbox 1292 949 1440 990; x_wconf 89' lang='lat' dir='ltr'>veniat</span> <span class='ocrx_word' id='word_1_76' title='bbox 1453 955 1483 996; x_wconf 71' lang='lat'>†.</span> <span class='ocrx_word' id='word_1_77' title='bbox 1494 965 1508 986; x_wconf 79' lang='grc' dir='ltr'><strong>υ</strong></span> <span class='ocrx_word' id='word_1_78' title='bbox 1610 949 1654 989; x_wconf 87' lang='lat' dir='ltr'>id</span> 
     </span>
     <span class='ocr_line' id='line_1_17' title="bbox 522 1025 1655 1080; baseline -0.002 -12"><span class='ocrx_word' id='word_1_79' title='bbox 522 1030 669 1069; x_wconf 78' lang='lat' dir='ltr'>autem</span> <span class='ocrx_word' id='word_1_80' title='bbox 772 1029 947 1080; x_wconf 85' lang='lat' dir='ltr'>signum</span> <span class='ocrx_word' id='word_1_81' title='bbox 1064 1029 1126 1068; x_wconf 87' lang='lat' dir='ltr'>est</span> <span class='ocrx_word' id='word_1_82' title='bbox 1238 1026 1349 1067; x_wconf 83' lang='lat' dir='ltr'>nihil</span> <span class='ocrx_word' id='word_1_83' title='bbox 1463 1025 1655 1079; x_wconf 61' lang='lat' dir='ltr'>praestari</span> 
     </span>
     <span class='ocr_line' id='line_1_18' title="bbox 524 1102 1654 1158; baseline -0.003 -13"><span class='ocrx_word' id='word_1_84' title='bbox 524 1117 549 1144; x_wconf 83' lang='lat' dir='ltr'>a</span> <span class='ocrx_word' id='word_1_85' title='bbox 632 1103 813 1158; x_wconf 88' lang='lat' dir='ltr'>populo,</span> <span class='ocrx_word' id='word_1_86' title='bbox 876 1103 992 1156; x_wconf 87' lang='lat' dir='ltr'>quod</span> <span class='ocrx_word' id='word_1_87' title='bbox 1068 1103 1200 1144; x_wconf 89' lang='lat' dir='ltr'>etiam</span> <span class='ocrx_word' id='word_1_88' title='bbox 1262 1103 1443 1143; x_wconf 83' lang='lat' dir='ltr'>Plautus</span> <span class='ocrx_word' id='word_1_89' title='bbox 1525 1102 1654 1155; x_wconf 89' lang='lat' dir='ltr'>signi·</span> 
     </span>
     <span class='ocr_line' id='line_1_19' title="bbox 522 1179 1657 1222; baseline -0.003 0"><span class='ocrx_word' id='word_1_90' title='bbox 522 1181 622 1222; x_wconf 80' lang='lat' dir='ltr'>ficat</span> <span class='ocrx_word' id='word_1_91' title='bbox 702 1181 749 1221; x_wconf 91' lang='lat' dir='ltr'>in</span> <span class='ocrx_word' id='word_1_92' title='bbox 830 1180 1048 1222; x_wconf 87' lang='lat' dir='ltr'>Hortulo:</span> <span class='ocrx_word' id='word_1_93' title='bbox 1150 1180 1317 1220; x_wconf 76' lang='lat' dir='ltr'>«Praeco</span> <span class='ocrx_word' id='word_1_94' title='bbox 1399 1179 1462 1220; x_wconf 89' lang='lat' dir='ltr'>ibi</span> <span class='ocrx_word' id='word_1_95' title='bbox 1544 1179 1657 1220; x_wconf 86' lang='lat' dir='ltr'>adsit</span> 
     </span>
     <span class='ocr_line' id='line_1_20' title="bbox 524 1255 1652 1310; baseline -0.004 -11"><span class='ocrx_word' id='word_1_96' title='bbox 524 1271 623 1299; x_wconf 82' lang='lat' dir='ltr'>cum</span> <span class='ocrx_word' id='word_1_97' title='bbox 706 1270 879 1305; x_wconf 85' lang='lat' dir='ltr'>corona,</span> <span class='ocrx_word' id='word_1_98' title='bbox 964 1258 1150 1310; x_wconf 78' lang='lat' dir='ltr'>cuique†</span> <span class='ocrx_word' id='word_1_99' title='bbox 1228 1255 1354 1296; x_wconf 87' lang='lat' dir='ltr'>liceat</span> <span class='ocrx_word' id='word_1_100' title='bbox 1434 1258 1581 1296; x_wconf 80' lang='lat' dir='ltr'>ventat</span> <span class='ocrx_word' id='word_1_101' title='bbox 1595 1260 1624 1301; x_wconf 78' lang='lat'>†.</span> <span class='ocrx_word' id='word_1_102' title='bbox 1637 1269 1652 1291; x_wconf 87' lang='lat'>»</span> 
     </span>
     <span class='ocr_line' id='line_1_21' title="bbox 525 1331 1655 1389; baseline -0.002 -14"><span class='ocrx_word' id='word_1_103' title='bbox 525 1332 543 1389; x_wconf 86' lang='grc' dir='ltr'>ΙΙ</span> <span class='ocrx_word' id='word_1_104' title='bbox 571 1333 810 1376; x_wconf 83' lang='lat' dir='ltr'>Sublimem</span> <span class='ocrx_word' id='word_1_105' title='bbox 835 1339 851 1380; x_wconf 77' lang='lat'>†</span> <span class='ocrx_word' id='word_1_106' title='bbox 918 1336 982 1374; x_wconf 86' lang='lat' dir='ltr'>est</span> <span class='ocrx_word' id='word_1_107' title='bbox 1074 1333 1119 1373; x_wconf 89' lang='lat' dir='ltr'>in</span> <span class='ocrx_word' id='word_1_108' title='bbox 1210 1331 1487 1373; x_wconf 75' lang='lat' dir='ltr'>altitudinem</span> <span class='ocrx_word' id='word_1_109' title='bbox 1570 1332 1655 1373; x_wconf 85' lang='lat' dir='ltr'>ela-</span> 
     </span>
    </p>
   </div>
   <div class='ocr_carea' id='block_1_8' title="bbox 524 1407 1659 1691">
    <p class='ocr_par' dir='ltr' id='par_1_8' title="bbox 524 1407 1659 1691">
     <span class='ocr_line' id='line_1_22' title="bbox 524 1407 1656 1461; baseline -0.004 -9"><span class='ocrx_word' id='word_1_110' title='bbox 524 1414 630 1460; x_wconf 76' lang='lat' dir='ltr'>tum,</span> <span class='ocrx_word' id='word_1_111' title='bbox 706 1414 754 1452; x_wconf 88' lang='lat' dir='ltr'>ut</span> <span class='ocrx_word' id='word_1_112' title='bbox 826 1409 999 1450; x_wconf 88' lang='lat' dir='ltr'>Ennius</span> <span class='ocrx_word' id='word_1_113' title='bbox 1074 1408 1120 1449; x_wconf 92' lang='lat' dir='ltr'>in</span> <span class='ocrx_word' id='word_1_114' title='bbox 1184 1408 1397 1461; x_wconf 81' lang='lat' dir='ltr'>Thyeste:</span> <span class='ocrx_word' id='word_1_115' title='bbox 1480 1407 1656 1461; x_wconf 86' lang='lat' dir='ltr'>«Aspice</span> 
     </span>
     <span class='ocr_line' id='line_1_23' title="bbox 524 1485 1659 1538; baseline -0.004 -10"><span class='ocrx_word' id='word_1_116' title='bbox 524 1488 605 1528; x_wconf 89' lang='lat' dir='ltr'>hoc</span> <span class='ocrx_word' id='word_1_117' title='bbox 686 1486 871 1528; x_wconf 89' lang='lat' dir='ltr'>sublime</span> <span class='ocrx_word' id='word_1_118' title='bbox 894 1492 912 1533; x_wconf 82' lang='lat'>†</span> <span class='ocrx_word' id='word_1_119' title='bbox 998 1485 1200 1535; x_wconf 80' lang='lat' dir='ltr'>candens,</span> <span class='ocrx_word' id='word_1_120' title='bbox 1278 1498 1407 1538; x_wconf 87' lang='lat' dir='ltr'>quem</span> <span class='ocrx_word' id='word_1_121' title='bbox 1500 1486 1659 1525; x_wconf 87' lang='lat' dir='ltr'>vocant</span> 
     </span>
     <span class='ocr_line' id='line_1_24' title="bbox 526 1559 1658 1615; baseline -0.004 -10"><span class='ocrx_word' id='word_1_122' title='bbox 526 1577 678 1606; x_wconf 89' lang='lat' dir='ltr'>omnes</span> <span class='ocrx_word' id='word_1_123' title='bbox 755 1565 915 1605; x_wconf 81' lang='lat' dir='ltr'>Iovem.</span> <span class='ocrx_word' id='word_1_124' title='bbox 927 1578 940 1599; x_wconf 86' lang='lat'>»</span> <span class='ocrx_word' id='word_1_125' title='bbox 1024 1562 1241 1615; x_wconf 87' lang='lat' dir='ltr'>Vergilius</span> <span class='ocrx_word' id='word_1_126' title='bbox 1318 1563 1363 1601; x_wconf 87' lang='lat' dir='ltr'>in</span> <span class='ocrx_word' id='word_1_127' title='bbox 1439 1559 1658 1613; x_wconf 84' lang='lat' dir='ltr'>Georgicis</span> 
     </span>
     <span class='ocr_line' id='line_1_25' title="bbox 524 1637 1651 1691; baseline -0.004 -10"><span class='ocrx_word' id='word_1_128' title='bbox 524 1641 553 1682; x_wconf 93' lang='grc'>1.</span> <span class='ocrx_word' id='word_1_129' title='bbox 609 1640 667 1682; x_wconf 83' lang='grc' dir='ltr'>Ι.;</span> <span class='ocrx_word' id='word_1_130' title='bbox 730 1639 836 1681; x_wconf 84' lang='lat' dir='ltr'>«Hic</span> <span class='ocrx_word' id='word_1_131' title='bbox 892 1642 1038 1680; x_wconf 78' lang='lat' dir='ltr'>vertex</span> <span class='ocrx_word' id='word_1_132' title='bbox 1092 1638 1218 1679; x_wconf 89' lang='lat' dir='ltr'>nobis</span> <span class='ocrx_word' id='word_1_133' title='bbox 1273 1651 1443 1691; x_wconf 83' lang='lat' dir='ltr'>semper</span> <span class='ocrx_word' id='word_1_134' title='bbox 1497 1637 1651 1683; x_wconf 77' lang='lat' dir='ltr'>sub.†»</span> 
     </span>
    </p>
   </div>
   <div class='ocr_carea' id='block_1_9' title="bbox 525 1713 1658 1845">
    <p class='ocr_par' dir='ltr' id='par_1_9' title="bbox 525 1713 1658 1845">
     <span class='ocr_line' id='line_1_26' title="bbox 525 1713 1658 1771; baseline -0.004 -13"><span class='ocrx_word' id='word_1_135' title='bbox 525 1715 826 1771; x_wconf 63' lang='lat' dir='ltr'>“Sublimavit</span> <span class='ocrx_word' id='word_1_136' title='bbox 903 1716 1052 1765; x_wconf 52' lang='lat' dir='ltr'>(Exim,</span> <span class='ocrx_word' id='word_1_137' title='bbox 1136 1715 1177 1755; x_wconf 91' lang='lat' dir='ltr'>id</span> <span class='ocrx_word' id='word_1_138' title='bbox 1257 1717 1321 1756; x_wconf 88' lang='lat' dir='ltr'>est</span> <span class='ocrx_word' id='word_1_139' title='bbox 1398 1714 1442 1754; x_wconf 87' lang='lat' dir='ltr'>in</span> <span class='ocrx_word' id='word_1_140' title='bbox 1519 1713 1658 1755; x_wconf 88' lang='lat' dir='ltr'>altum</span> 
     </span>
     <span class='ocr_line' id='line_1_27' title="bbox 525 1790 1656 1845; baseline -0.004 -11"><span class='ocrx_word' id='word_1_141' title='bbox 525 1793 691 1842; x_wconf 78' lang='lat' dir='ltr'>extulit,</span> <span class='ocrx_word' id='word_1_142' title='bbox 786 1793 1014 1845; x_wconf 78' lang='lat' dir='ltr'>Originum</span> <span class='ocrx_word' id='word_1_143' title='bbox 1099 1792 1128 1832; x_wconf 92' lang='lat' dir='ltr'>l.</span> <span class='ocrx_word' id='word_1_144' title='bbox 1223 1791 1303 1832; x_wconf 76' lang='lat' dir='ltr'>IL:</span> <span class='ocrx_word' id='word_1_145' title='bbox 1407 1790 1484 1830; x_wconf 88' lang='lat' dir='ltr'>«In</span> <span class='ocrx_word' id='word_1_146' title='bbox 1568 1802 1656 1830; x_wconf 83' lang='lat' dir='ltr'>ma-</span> 
     </span>
    </p>
   </div>
   <div class='ocr_carea' id='block_1_10' title="bbox 525 1866 1660 2756">
    <p class='ocr_par' dir='ltr' id='par_1_10' title="bbox 525 1866 1660 2756">
     <span class='ocr_line' id='line_1_28' title="bbox 525 1866 1657 1921; baseline -0.004 -11"><span class='ocrx_word' id='word_1_147' title='bbox 525 1872 691 1910; x_wconf 80' lang='lat' dir='ltr'>ximum</span> <span class='ocrx_word' id='word_1_148' title='bbox 796 1868 924 1909; x_wconf 88' lang='lat' dir='ltr'>decus</span> <span class='ocrx_word' id='word_1_149' title='bbox 1039 1871 1168 1921; x_wconf 85' lang='lat' dir='ltr'>atque</span> <span class='ocrx_word' id='word_1_150' title='bbox 1270 1869 1316 1908; x_wconf 92' lang='lat' dir='ltr'>in</span> <span class='ocrx_word' id='word_1_151' title='bbox 1419 1866 1657 1908; x_wconf 80' lang='lat' dir='ltr'>excelsissi-</span> 
     </span>
     <span class='ocr_line' id='line_1_29' title="bbox 527 1941 1659 1988; baseline -0.005 0"><span class='ocrx_word' id='word_1_152' title='bbox 527 1960 647 1988; x_wconf 80' lang='lat' dir='ltr'>mam</span> <span class='ocrx_word' id='word_1_153' title='bbox 770 1944 1074 1987; x_wconf 81' lang='lat' dir='ltr'>claritudinem</span> <span class='ocrx_word' id='word_1_154' title='bbox 1197 1943 1463 1985; x_wconf 87' lang='lat' dir='ltr'>sublimavit.</span> <span class='ocrx_word' id='word_1_155' title='bbox 1475 1959 1488 1980; x_wconf 70' lang='grc' dir='ltr'>ι)</span> <span class='ocrx_word' id='word_1_156' title='bbox 1615 1941 1659 1982; x_wconf 92' lang='lat' dir='ltr'>id</span> 
     </span>
     <span class='ocr_line' id='line_1_30' title="bbox 525 2019 1660 2073; baseline -0.005 -8"><span class='ocrx_word' id='word_1_157' title='bbox 525 2025 670 2065; x_wconf 87' lang='lat' dir='ltr'>autem</span> <span class='ocrx_word' id='word_1_158' title='bbox 776 2022 933 2064; x_wconf 86' lang='lat' dir='ltr'>dicitur</span> <span class='ocrx_word' id='word_1_159' title='bbox 1047 2035 1073 2063; x_wconf 84' lang='lat' dir='ltr'>a</span> <span class='ocrx_word' id='word_1_160' title='bbox 1174 2021 1326 2061; x_wconf 87' lang='lat' dir='ltr'>limine</span> <span class='ocrx_word' id='word_1_161' title='bbox 1428 2019 1660 2073; x_wconf 83' lang='lat' dir='ltr'>superiore,</span> 
     </span>
     <span class='ocr_line' id='line_1_31' title="bbox 525 2093 1656 2153; baseline -0.004 -13"><span class='ocrx_word' id='word_1_162' title='bbox 525 2099 624 2153; x_wconf 78' lang='lat' dir='ltr'>quia</span> <span class='ocrx_word' id='word_1_163' title='bbox 725 2112 858 2152; x_wconf 86' lang='lat' dir='ltr'>supra</span> <span class='ocrx_word' id='word_1_164' title='bbox 958 2111 1040 2139; x_wconf 90' lang='lat' dir='ltr'>nos</span> <span class='ocrx_word' id='word_1_165' title='bbox 1142 2099 1218 2138; x_wconf 88' lang='lat' dir='ltr'>est.</span> <span class='ocrx_word' id='word_1_166' title='bbox 1324 2093 1343 2151; x_wconf 91' lang='grc' dir='ltr'>ΙΙ</span> <span class='ocrx_word' id='word_1_167' title='bbox 1360 2095 1656 2138; x_wconf 81' lang='lat' dir='ltr'>Succenturia-</span> 
     </span>
     <span class='ocr_line' id='line_1_32' title="bbox 525 2171 1659 2227; baseline -0.005 -11"><span class='ocrx_word' id='word_1_168' title='bbox 525 2191 569 2217; x_wconf 84' lang='lat' dir='ltr'>re</span> <span class='ocrx_word' id='word_1_169' title='bbox 774 2177 837 2215; x_wconf 81' lang='lat' dir='ltr'>est</span> <span class='ocrx_word' id='word_1_170' title='bbox 1040 2172 1265 2227; x_wconf 83' lang='lat' dir='ltr'>explendae</span> <span class='ocrx_word' id='word_1_171' title='bbox 1453 2171 1659 2212; x_wconf 69' lang='lat' dir='ltr'>centuriae</span> 
     </span>
     <span class='ocr_line' id='line_1_33' title="bbox 526 2249 1658 2305; baseline -0.003 -13"><span class='ocrx_word' id='word_1_172' title='bbox 526 2253 663 2304; x_wconf 84' lang='lat' dir='ltr'>gratia</span> <span class='ocrx_word' id='word_1_173' title='bbox 807 2252 1020 2305; x_wconf 89' lang='lat' dir='ltr'>supplere,</span> <span class='ocrx_word' id='word_1_174' title='bbox 1176 2251 1387 2292; x_wconf 80' lang='lat' dir='ltr'>subicere.</span> <span class='ocrx_word' id='word_1_175' title='bbox 1532 2249 1658 2290; x_wconf 88' lang='lat' dir='ltr'>Plau-</span> 
     </span>
     <span class='ocr_line' id='line_1_34' title="bbox 525 2325 1660 2375; baseline -0.005 -5"><span class='ocrx_word' id='word_1_176' title='bbox 525 2333 595 2370; x_wconf 85' lang='lat' dir='ltr'>tus</span> <span class='ocrx_word' id='word_1_177' title='bbox 739 2329 786 2370; x_wconf 90' lang='lat' dir='ltr'>in</span> <span class='ocrx_word' id='word_1_178' title='bbox 923 2328 1153 2370; x_wconf 80' lang='lat' dir='ltr'>Saturione</span> <span class='ocrx_word' id='word_1_179' title='bbox 1170 2343 1178 2368; x_wconf 77' lang='lat' dir='ltr'><strong><em>z</em></strong></span> <span class='ocrx_word' id='word_1_180' title='bbox 1331 2343 1344 2362; x_wconf 85' lang='lat'>«</span> <span class='ocrx_word' id='word_1_181' title='bbox 1355 2325 1660 2375; x_wconf 61' lang='lat' dir='ltr'>Subeenturia„</span> 
     </span>
     <span class='ocr_line' id='line_1_35' title="bbox 528 2401 1659 2458; baseline -0.006 -11"><span class='ocrx_word' id='word_1_182' title='bbox 528 2409 700 2447; x_wconf 86' lang='lat' dir='ltr'>centum</span> <span class='ocrx_word' id='word_1_183' title='bbox 833 2404 1019 2458; x_wconf 82' lang='lat' dir='ltr'>require,</span> <span class='ocrx_word' id='word_1_184' title='bbox 1151 2403 1226 2456; x_wconf 92' lang='lat' dir='ltr'>qui</span> <span class='ocrx_word' id='word_1_185' title='bbox 1358 2405 1400 2443; x_wconf 87' lang='lat' dir='ltr'>te</span> <span class='ocrx_word' id='word_1_186' title='bbox 1520 2401 1659 2442; x_wconf 88' lang='lat' dir='ltr'>delec-</span> 
     </span>
     <span class='ocr_line' id='line_1_36' title="bbox 527 2477 1659 2529; baseline -0.006 -6"><span class='ocrx_word' id='word_1_187' title='bbox 527 2485 588 2524; x_wconf 86' lang='lat' dir='ltr'>tet</span> <span class='ocrx_word' id='word_1_188' title='bbox 604 2489 620 2529; x_wconf 80' lang='lat'>†</span> <span class='ocrx_word' id='word_1_189' title='bbox 704 2482 862 2523; x_wconf 78' lang='lat' dir='ltr'>domi.»</span> <span class='ocrx_word' id='word_1_190' title='bbox 963 2483 1002 2522; x_wconf 88' lang='lat' dir='ltr'>et</span> <span class='ocrx_word' id='word_1_191' title='bbox 1096 2479 1292 2521; x_wconf 65' lang='lat' dir='ltr'>Caecilius</span> <span class='ocrx_word' id='word_1_192' title='bbox 1366 2478 1411 2518; x_wconf 88' lang='lat' dir='ltr'>in</span> <span class='ocrx_word' id='word_1_193' title='bbox 1494 2477 1659 2518; x_wconf 83' lang='lat' dir='ltr'>Trium-</span> 
     </span>
     <span class='ocr_line' id='line_1_37' title="bbox 528 2552 1660 2611; baseline -0.006 -12"><span class='ocrx_word' id='word_1_194' title='bbox 528 2559 614 2611; x_wconf 88' lang='lat' dir='ltr'>pho</span> <span class='ocrx_word' id='word_1_195' title='bbox 630 2574 638 2599; x_wconf 92' lang='lat'>:</span> <span class='ocrx_word' id='word_1_196' title='bbox 748 2570 889 2598; x_wconf 88' lang='lat' dir='ltr'>«nunc</span> <span class='ocrx_word' id='word_1_197' title='bbox 991 2570 1097 2597; x_wconf 73' lang='lat' dir='ltr'>meae</span> <span class='ocrx_word' id='word_1_198' title='bbox 1202 2555 1369 2596; x_wconf 83' lang='lat' dir='ltr'>militiae</span> <span class='ocrx_word' id='word_1_199' title='bbox 1467 2552 1626 2594; x_wconf 82' lang='lat' dir='ltr'>astutia</span> <span class='ocrx_word' id='word_1_200' title='bbox 1641 2557 1660 2599; x_wconf 76' lang='lat'>†</span> 
     </span>
     <span class='ocr_line' id='line_1_38' title="bbox 529 2627 1658 2687; baseline -0.006 -12"><span class='ocrx_word' id='word_1_201' title='bbox 529 2646 638 2687; x_wconf 87' lang='lat' dir='ltr'>opus</span> <span class='ocrx_word' id='word_1_202' title='bbox 772 2636 834 2674; x_wconf 90' lang='lat' dir='ltr'>est</span> <span class='ocrx_word' id='word_1_203' title='bbox 967 2631 1248 2672; x_wconf 83' lang='lat' dir='ltr'>subcenturia</span> <span class='ocrx_word' id='word_1_204' title='bbox 1262 2636 1292 2677; x_wconf 81' lang='lat'>†.</span> <span class='ocrx_word' id='word_1_205' title='bbox 1304 2646 1317 2667; x_wconf 87' lang='lat'>»</span> <span class='ocrx_word' id='word_1_206' title='bbox 1462 2627 1480 2684; x_wconf 90' lang='grc' dir='ltr'>ΙΙ</span> <span class='ocrx_word' id='word_1_207' title='bbox 1496 2628 1658 2670; x_wconf 81' lang='lat' dir='ltr'>Subru-</span> 
     </span>
     <span class='ocr_line' id='line_1_39' title="bbox 528 2703 1660 2756; baseline -0.006 -5"><span class='ocrx_word' id='word_1_208' title='bbox 528 2711 639 2750; x_wconf 85' lang='lat' dir='ltr'>mari</span> <span class='ocrx_word' id='word_1_209' title='bbox 773 2709 977 2750; x_wconf 88' lang='lat' dir='ltr'>dicuntur</span> <span class='ocrx_word' id='word_1_210' title='bbox 1109 2706 1238 2756; x_wconf 66' lang='lat' dir='ltr'>haedi,</span> <span class='ocrx_word' id='word_1_211' title='bbox 1372 2719 1469 2746; x_wconf 90' lang='lat' dir='ltr'>cum</span> <span class='ocrx_word' id='word_1_212' title='bbox 1605 2703 1660 2744; x_wconf 84' lang='lat' dir='ltr'>ad</span> 
     </span>
    </p>
   </div>
   <div class='ocr_carea' id='block_1_11' title="bbox 530 2780 1662 2834">
    <p class='ocr_par' dir='ltr' id='par_1_11' title="bbox 530 2780 1662 2834">
     <span class='ocr_line' id='line_1_40' title="bbox 530 2780 1662 2834; baseline -0.006 -8"><span class='ocrx_word' id='word_1_213' title='bbox 530 2799 766 2826; x_wconf 84' lang='lat' dir='ltr'>mammam</span> <span class='ocrx_word' id='word_1_214' title='bbox 915 2783 1217 2832; x_wconf 84' lang='lat' dir='ltr'>admoventur,</span> <span class='ocrx_word' id='word_1_215' title='bbox 1364 2780 1467 2834; x_wconf 91' lang='lat' dir='ltr'>quia</span> <span class='ocrx_word' id='word_1_216' title='bbox 1611 2793 1662 2820; x_wconf 88' lang='lat' dir='ltr'>ea</span> 
     </span>
    </p>
   </div>
  </div>
 </body>
</html>
