2072 3222
310 127 396 167 524
457 139 513 168 QU.
530 139 590 163 xv.
606 137 650 163 213.
737 140 857 166 FESTJ
871 140 1028 166 FRAGM.
1044 141 1069 167 E
1084 140 1179 168 COD.
1195 141 1318 168 FARN.
1338 141 1376 168 L.
1392 141 1527 169 XVIIII.
1634 141 1665 164 P.
1679 139 1732 164 :243
1747 141 1786 166 M.

308 956 341 985 10

305 1349 337 1373 15

306 1724 340 1748 20

306 2118 340 2142 25

309 2494 344 2518 311

380 256 529 296 «uitas.
592 254 806 295 Veranius
880 256 953 305 ait,
1015 269 1107 295 non
1160 255 1310 308 utique
1387 270 1437 296 ex
1498 257 1624 308 lecto,
1716 256 1790 297 sed

379 345 428 372 ex
491 331 635 378 cubili,
699 336 784 377 ne†
858 345 1008 371 rursus
1089 345 1133 372 se
1214 332 1260 372 in
1342 332 1503 373 lectum
1576 346 1789 385 reponere

378 421 556 448 necesse
611 421 756 462 esse.R
786 405 804 463 ΙΙ
829 404 1082 462 Sarpuntur
1154 408 1306 456 vineae,
1359 408 1402 448 id
1455 412 1518 450 est
1570 411 1789 461 putantur,

378 487 426 525 ut
487 485 533 524 in
597 484 718 526 HL:
807 483 1102 538 «Quandoque
1186 488 1347 538 sarpta,
1424 484 1562 525 donec
1639 484 1787 538 demp-

375 565 421 603 ta
502 563 666 602 erunt.»
838 559 856 616 ΙΙ
882 561 1203 611 Summanalia,
1286 562 1377 602 Iiba
1462 562 1680 603 farinacea
1741 563 1787 602 in

376 638 554 679 modum
647 646 752 678 rotae
845 637 987 679 finctae
1004 643 1037 685 †.
1190 636 1208 693 ΙΙ
1234 638 1463 688 Suffuerat,
1546 639 1626 678 sub
1717 652 1786 679 eo-

376 715 473 756 dem
555 718 667 756 tecto
750 715 906 755 fuerat.
1112 713 1131 770 ΙΙ
1155 714 1374 756 Scribtum
1442 715 1634 768 lapidem
1697 729 1787 756 esse

376 792 448 838 ait,
512 794 554 831 et
639 794 700 832 ita
779 791 938 838 vocari,
1020 792 1235 833 Antistius
1315 791 1475 840 Labeo,
1557 793 1605 832 in
1686 805 1789 845 agro

376 868 624 909 Menullino
646 874 663 915 Τ
745 867 938 908 divinam
1000 881 1094 909 rem
1157 870 1327 908 faceret.
1419 866 1507 923 llSe
1571 882 1790 921 quamque

376 959 573 986 seorsum
658 959 887 998 quamque.
1024 943 1042 1000 ΙΙ
1068 944 1250 986 Sanates
1333 944 1433 986 dicti
1515 948 1630 993 sunt,
1714 946 1788 998 qui

375 1035 518 1075 supra,
566 1022 768 1075 infraque
817 1022 1006 1063 Romam
1063 1021 1382 1063 habitaverunt.
1448 1022 1562 1075 quod
1624 1036 1787 1063 nomen

370 1099 437 1140 his
498 1098 592 1145 fuit,
657 1100 759 1151 quia
820 1112 921 1139 cum
983 1098 1239 1146 defecissem
1303 1112 1328 1139 a
1374 1099 1597 1148 Romanis,
1662 1099 1785 1140 brevi

373 1179 472 1229 post
567 1175 790 1216 redierunt
871 1175 917 1215 in
1019 1176 1271 1225 amicitiam,
1383 1178 1506 1229 quasi
1587 1177 1739 1217 lanata
1767 1183 1783 1220 †

374 1255 532 1294 mente.
594 1254 739 1305 itaque
801 1254 847 1292 in
909 1251 1008 1292 XII.
1071 1256 1246 1293 cautum
1311 1255 1386 1304 est,
1424 1256 1472 1293 ut
1533 1253 1648 1294 idem
1682 1254 1787 1295 iuris

374 1331 486 1370 esset
500 1328 735 1370 Sanatibus
751 1328 865 1382 quod
878 1328 1116 1378 Forctibus,
1126 1329 1169 1369 id
1182 1333 1245 1369 est
1259 1329 1446 1377 boniset
1459 1332 1531 1383 qui
1543 1344 1788 1383 numquam

376 1406 627 1447 defecerant
714 1420 740 1446 a
820 1405 865 1446 P.
948 1407 999 1447 R.
1217 1404 1490 1461 ”Sublucare
1612 1407 1788 1448 arbores

375 1486 439 1525 est
499 1497 643 1524 ramos
726 1496 876 1524 earum
959 1486 1212 1536 supputare,
1297 1486 1338 1523 et
1418 1484 1554 1524 veluti
1635 1486 1788 1537 suptus

374 1561 517 1600 lucem
639 1560 810 1601 mittere
824 1576 833 1609 ;
977 1560 1206 1600 conlucare
1327 1562 1488 1610 autem,
1611 1560 1787 1600 succisis

377 1636 601 1677 arboribus
694 1637 839 1676 Iocum
932 1636 1099 1689 inplere
1191 1637 1299 1677 luce.
1529 1634 1547 1691 ΙΙ
1571 1635 1788 1689 Spurcum

375 1713 529 1753 vinum
592 1716 668 1761 est,
734 1712 849 1765 quod
931 1714 1063 1753 sacris
1145 1712 1343 1753 adhiberi
1411 1726 1504 1754 non
1566 1713 1678 1760 licet,
1742 1717 1790 1753 ut

376 1789 437 1830 ait
527 1789 673 1830 Labeo
767 1790 980 1831 Antistius
1071 1790 1099 1830 1.
1191 1790 1241 1830 X.
1347 1791 1636 1830 commentari
1726 1790 1790 1830 Iu-

376 1869 435 1907 ris
536 1866 747 1919 pontifici,
871 1869 940 1907 cui
1048 1880 1163 1920 aqua
1284 1867 1474 1908 admixta
1575 1870 1639 1908 est
1740 1866 1791 1907 de

377 1944 568 1983 fructum
642 1949 730 1989 ve†
818 1947 893 1984 aut
956 1944 1054 1996 igne
1117 1947 1282 1985 tactum
1345 1948 1422 1994 est,
1484 1948 1679 1985 mustum
1741 1958 1791 1985 ve

378 2023 491 2067 ante,
628 2034 759 2073 quum
881 2021 1157 2062 defervescat.
1446 2019 1463 2076 ΙΙ
1489 2021 1792 2074 Septimontio,

376 2100 424 2137 ut
506 2098 566 2137 ait
658 2097 874 2138 Antistius
982 2098 1141 2145 Labeo,
1224 2099 1340 2139 hisce
1424 2098 1649 2143 montibus
1732 2098 1791 2138 fe-

376 2173 463 2213 riae.
528 2174 706 2222 Palatio,
788 2175 857 2214 cui
939 2174 1199 2215 sacrificium
1283 2174 1400 2227 quod
1462 2174 1523 2224 fit,
1586 2175 1793 2215 Palatuar

378 2250 546 2291 dieitur.
580 2250 726 2297 vium}
760 2252 829 2291 cui
862 2254 965 2290 item
1019 2250 1292 2291 sacrificium.
1346 2251 1531 2303 FaguaIi
1551 2257 1585 2298 †,
1649 2251 1789 2292 Subu-

375 2340 446 2373 rze,
512 2326 723 2377 Cermalo,
801 2327 941 2381 Oppio
1026 2327 1158 2368 Caelio
1249 2331 1406 2377 monti,
1501 2328 1600 2375 cis's
1672 2329 1790 2380 pto†

378 2403 533 2443 monti.
617 2403 781 2456 Oppius
871 2407 1017 2445 autem
1110 2405 1355 2457 appellatus
1448 2408 1524 2453 est,
1606 2407 1654 2444 ut
1735 2404 1796 2444 ait

379 2479 513 2519 Varro
596 2494 741 2520 rerum
824 2480 1121 2521 humanarum
1191 2481 1239 2520 L.
1304 2481 1432 2528 VHI„
1517 2481 1571 2521 ab
1635 2481 1794 2533 OpitaJs

379 2557 518 2609 Oppio
602 2557 863 2606 Tusculano,
954 2559 1028 2610 qui
1112 2571 1210 2597 cum
1306 2557 1505 2610 praesidio
1589 2558 1792 2598 Tuscula-

380 2645 539 2672 norum
602 2632 761 2672 missus
823 2633 878 2672 ad
936 2635 1123 2674 Romam
1186 2633 1411 2681 tuendam,
1476 2633 1579 2674 dum
1644 2633 1795 2673 Tullus

382 2709 649 2749 Hostiliusve
674 2714 690 2755 ἢ·
827 2710 892 2749 ius
926 2715 943 2757 †
1067 2714 1356 2763 oppugnaret,
1539 2710 1794 2751 consederat

380 2786 427 2823 in
511 2784 694 2835 Carinis,
777 2788 819 2826 et
900 2786 958 2826 ibi
1050 2789 1189 2826 castra
1280 2786 1505 2827 habuerat.
1597 2786 1797 2826 similiter
