<?xml version="1.0" encoding="UTF-8"?>
<!DOCTYPE html PUBLIC "-//W3C//DTD XHTML 1.0 Transitional//EN"
    "http://www.w3.org/TR/xhtml1/DTD/xhtml1-transitional.dtd">
<html xmlns="http://www.w3.org/1999/xhtml" xml:lang="en" lang="en">
 <head>
  <title>
</title>
<meta http-equiv="Content-Type" content="text/html;charset=utf-8" />
  <meta name='ocr-system' content='tesseract 3.04.00' />
  <meta name='ocr-capabilities' content='ocr_page ocr_carea ocr_par ocr_line ocrx_word'/>
</head>
<body>
  <div class='ocr_page' id='page_1' title='image "./deverborumsignif00festuoft_0096.png"; bbox 0 0 2072 3222; ppageno 0'>
   <div class='ocr_carea' id='block_1_1' title="bbox 356 155 1832 197">
    <p class='ocr_par' dir='ltr' id='par_1_1' title="bbox 356 155 1832 197">
     <span class='ocr_line' id='line_1_1' title="bbox 356 155 1832 197; baseline -0.001 -2"><span class='ocrx_word' id='word_1_1' title='bbox 356 155 412 195; x_wconf 74' lang='lat'>80</span> <span class='ocrx_word' id='word_1_2' title='bbox 670 168 795 196; x_wconf 75' lang='lat' dir='ltr'>PAULI</span> <span class='ocrx_word' id='word_1_3' title='bbox 818 167 1033 195; x_wconf 73' lang='lat' dir='ltr'>EXCERPTA</span> <span class='ocrx_word' id='word_1_4' title='bbox 1055 168 1109 197; x_wconf 81' lang='lat' dir='ltr'>EX</span> <span class='ocrx_word' id='word_1_5' title='bbox 1130 168 1213 196; x_wconf 85' lang='lat' dir='ltr'>LIB.</span> <span class='ocrx_word' id='word_1_6' title='bbox 1237 170 1362 197; x_wconf 88' lang='lat' dir='ltr'>POMP.</span> <span class='ocrx_word' id='word_1_7' title='bbox 1386 169 1507 197; x_wconf 82' lang='lat' dir='ltr'><strong>FESTI</strong></span> <span class='ocrx_word' id='word_1_8' title='bbox 1693 168 1832 197; x_wconf 84' lang='lat'>111—-113</span> 
     </span>
    </p>
   </div>
   <div class='ocr_carea' id='block_1_2' title="bbox 354 283 1904 546">
    <p class='ocr_par' dir='ltr' id='par_1_2' title="bbox 355 283 799 325">
     <span class='ocr_line' id='line_1_2' title="bbox 355 283 799 325; baseline 0.002 -2"><span class='ocrx_word' id='word_1_9' title='bbox 355 283 584 324; x_wconf 78' lang='lat' dir='ltr'>Inscitia</span> <span class='ocrx_word' id='word_1_10' title='bbox 605 283 799 325; x_wconf 85' lang='lat' dir='ltr'>stultitia.</span> 
     </span>
    </p>

    <p class='ocr_par' dir='ltr' id='par_1_3' title="bbox 354 352 1831 477">
     <span class='ocr_line' id='line_1_3' title="bbox 355 352 1831 406; baseline 0.002 -12"><span class='ocrx_word' id='word_1_11' title='bbox 355 354 672 394; x_wconf 79' lang='lat' dir='ltr'>Insessores</span> <span class='ocrx_word' id='word_1_12' title='bbox 695 353 899 402; x_wconf 82' lang='lat' dir='ltr'>latrones,</span> <span class='ocrx_word' id='word_1_13' title='bbox 937 352 1053 406; x_wconf 87' lang='lat' dir='ltr'>quod</span> <span class='ocrx_word' id='word_1_14' title='bbox 1076 356 1186 395; x_wconf 90' lang='lat' dir='ltr'>circa</span> <span class='ocrx_word' id='word_1_15' title='bbox 1218 355 1307 396; x_wconf 72' lang='lat' dir='ltr'>vias</span> <span class='ocrx_word' id='word_1_16' title='bbox 1330 355 1590 396; x_wconf 76' lang='lat' dir='ltr'>insidientur</span> <span class='ocrx_word' id='word_1_17' title='bbox 1622 356 1831 397; x_wconf 80' lang='lat' dir='ltr'>sedentes.</span> 
     </span>
     <span class='ocr_line' id='line_1_4' title="bbox 354 424 1087 477; baseline 0 -12"><span class='ocrx_word' id='word_1_18' title='bbox 354 424 604 465; x_wconf 77' lang='lat' dir='ltr'>Inmanis</span> <span class='ocrx_word' id='word_1_19' title='bbox 626 424 754 473; x_wconf 81' lang='lat' dir='ltr'>ferus,</span> <span class='ocrx_word' id='word_1_20' title='bbox 779 425 865 465; x_wconf 70' lang='lat' dir='ltr'>sive</span> <span class='ocrx_word' id='word_1_21' title='bbox 888 438 1087 477; x_wconf 84' lang='lat' dir='ltr'>magnus.</span> 
     </span>
    </p>

    <p class='ocr_par' dir='ltr' id='par_1_4' title="bbox 355 494 1904 546">
     <span class='ocr_line' id='line_1_5' title="bbox 355 494 1904 546; baseline -0.001 -11"><span class='ocrx_word' id='word_1_22' title='bbox 355 495 545 546; x_wconf 81' lang='lat' dir='ltr'>Imago</span> <span class='ocrx_word' id='word_1_23' title='bbox 570 496 622 536; x_wconf 86' lang='lat' dir='ltr'>ab</span> <span class='ocrx_word' id='word_1_24' title='bbox 645 496 885 536; x_wconf 76' lang='lat' dir='ltr'>imitatione</span> <span class='ocrx_word' id='word_1_25' title='bbox 909 494 1034 536; x_wconf 89' lang='lat' dir='ltr'>dicta.</span> <span class='ocrx_word' id='word_1_26' title='bbox 1854 499 1904 533; x_wconf 81' lang='lat'>112</span> 
     </span>
    </p>
   </div>
   <div class='ocr_carea' id='block_1_3' title="bbox 316 564 1832 621">
    <p class='ocr_par' dir='ltr' id='par_1_5' title="bbox 316 564 1832 621">
     <span class='ocr_line' id='line_1_6' title="bbox 316 564 1832 621; baseline 0.002 -15"><span class='ocrx_word' id='word_1_27' title='bbox 316 583 331 606; x_wconf 82' lang='lat'>5</span> <span class='ocrx_word' id='word_1_28' title='bbox 355 565 638 617; x_wconf 72' lang='lat' dir='ltr'>Ingluvies</span> <span class='ocrx_word' id='word_1_29' title='bbox 661 578 686 606; x_wconf 88' lang='lat' dir='ltr'>a</span> <span class='ocrx_word' id='word_1_30' title='bbox 708 565 808 618; x_wconf 81' lang='lat' dir='ltr'>gula</span> <span class='ocrx_word' id='word_1_31' title='bbox 832 564 959 606; x_wconf 84' lang='lat' dir='ltr'>dicta.</span> <span class='ocrx_word' id='word_1_32' title='bbox 1004 564 1118 606; x_wconf 86' lang='lat' dir='ltr'>Hinc</span> <span class='ocrx_word' id='word_1_33' title='bbox 1143 569 1184 606; x_wconf 89' lang='lat' dir='ltr'>et</span> <span class='ocrx_word' id='word_1_34' title='bbox 1205 567 1475 619; x_wconf 70' lang='lat' dir='ltr'>ingluviosus</span> <span class='ocrx_word' id='word_1_35' title='bbox 1499 571 1538 609; x_wconf 87' lang='lat' dir='ltr'>et</span> <span class='ocrx_word' id='word_1_36' title='bbox 1560 568 1694 621; x_wconf 75' lang='lat' dir='ltr'>gluto,</span> <span class='ocrx_word' id='word_1_37' title='bbox 1718 567 1832 621; x_wconf 82' lang='lat' dir='ltr'>gulo,</span> 
     </span>
    </p>
   </div>
   <div class='ocr_carea' id='block_1_4' title="bbox 296 1287 328 1311">
    <p class='ocr_par' dir='ltr' id='par_1_6' title="bbox 296 1287 328 1311">
     <span class='ocr_line' id='line_1_7' title="bbox 296 1287 328 1311; baseline 0 0"><span class='ocrx_word' id='word_1_38' title='bbox 296 1287 328 1311; x_wconf 84' lang='lat'>15</span> 
     </span>
    </p>
   </div>
   <div class='ocr_carea' id='block_1_5' title="bbox 292 1640 326 1663">
    <p class='ocr_par' dir='ltr' id='par_1_7' title="bbox 292 1640 326 1663">
     <span class='ocr_line' id='line_1_8' title="bbox 292 1640 326 1663; baseline 0 0"><span class='ocrx_word' id='word_1_39' title='bbox 292 1640 326 1663; x_wconf 79' lang='lat'>20</span> 
     </span>
    </p>
   </div>
   <div class='ocr_carea' id='block_1_6' title="bbox 291 2345 326 2369">
    <p class='ocr_par' dir='ltr' id='par_1_8' title="bbox 291 2345 326 2369">
     <span class='ocr_line' id='line_1_9' title="bbox 291 2345 326 2369; baseline -0.114 0"><span class='ocrx_word' id='word_1_40' title='bbox 291 2345 326 2369; x_wconf 73' lang='lat'>30</span> 
     </span>
    </p>
   </div>
   <div class='ocr_carea' id='block_1_7' title="bbox 291 2696 325 2721">
    <p class='ocr_par' dir='ltr' id='par_1_9' title="bbox 291 2696 325 2721">
     <span class='ocr_line' id='line_1_10' title="bbox 291 2696 325 2721; baseline 0.029 -1"><span class='ocrx_word' id='word_1_41' title='bbox 291 2696 325 2721; x_wconf 88' lang='lat'>35</span> 
     </span>
    </p>
   </div>
   <div class='ocr_carea' id='block_1_8' title="bbox 349 635 1901 2876">
    <p class='ocr_par' dir='ltr' id='par_1_10' title="bbox 354 635 1831 817">
     <span class='ocr_line' id='line_1_11' title="bbox 415 635 1509 690; baseline 0.003 -15"><span class='ocrx_word' id='word_1_42' title='bbox 415 636 574 689; x_wconf 82' lang='lat' dir='ltr'>gumia,</span> <span class='ocrx_word' id='word_1_43' title='bbox 598 637 757 688; x_wconf 81' lang='lat' dir='ltr'>guttur,</span> <span class='ocrx_word' id='word_1_44' title='bbox 782 637 904 688; x_wconf 84' lang='lat' dir='ltr'>gutta</span> <span class='ocrx_word' id='word_1_45' title='bbox 918 635 940 655; x_wconf 80' lang='lat'>*</span> <span class='ocrx_word' id='word_1_46' title='bbox 962 638 1211 688; x_wconf 84' lang='lat' dir='ltr'>gutturosus</span> <span class='ocrx_word' id='word_1_47' title='bbox 1235 639 1275 678; x_wconf 92' lang='lat' dir='ltr'>et</span> <span class='ocrx_word' id='word_1_48' title='bbox 1297 638 1509 690; x_wconf 83' lang='lat' dir='ltr'>gurgulio.</span> 
     </span>
     <span class='ocr_line' id='line_1_12' title="bbox 354 705 1831 761; baseline 0.003 -16"><span class='ocrx_word' id='word_1_49' title='bbox 354 705 673 746; x_wconf 78' lang='lat' dir='ltr'>1nmusu1us</span> <span class='ocrx_word' id='word_1_50' title='bbox 698 705 787 746; x_wconf 72' lang='lat' dir='ltr'>avis</span> <span class='ocrx_word' id='word_1_51' title='bbox 810 719 958 758; x_wconf 84' lang='lat' dir='ltr'>genus,</span> <span class='ocrx_word' id='word_1_52' title='bbox 995 719 1094 746; x_wconf 88' lang='lat' dir='ltr'>cum</span> <span class='ocrx_word' id='word_1_53' title='bbox 1123 707 1197 747; x_wconf 88' lang='lat' dir='ltr'>alii</span> <span class='ocrx_word' id='word_1_54' title='bbox 1224 707 1434 759; x_wconf 79' lang='lat' dir='ltr'>regulum,</span> <span class='ocrx_word' id='word_1_55' title='bbox 1471 708 1543 748; x_wconf 88' lang='lat' dir='ltr'>alii</span> <span class='ocrx_word' id='word_1_56' title='bbox 1578 708 1831 761; x_wconf 70' lang='lat' dir='ltr'>ossifragam</span> 
     </span>
     <span class='ocr_line' id='line_1_13' title="bbox 414 775 575 817; baseline 0 -1"><span class='ocrx_word' id='word_1_57' title='bbox 414 775 575 817; x_wconf 88' lang='lat' dir='ltr'>dicunt.</span> 
     </span>
    </p>

    <p class='ocr_par' dir='ltr' id='par_1_11' title="bbox 353 846 1246 901">
     <span class='ocr_line' id='line_1_14' title="bbox 353 846 1246 901; baseline 0.001 -14"><span class='ocrx_word' id='word_1_58' title='bbox 353 846 640 888; x_wconf 77' lang='lat' dir='ltr'>Infindere</span> <span class='ocrx_word' id='word_1_59' title='bbox 664 849 933 900; x_wconf 76' lang='lat' dir='ltr'>intercipere,</span> <span class='ocrx_word' id='word_1_60' title='bbox 957 848 1246 901; x_wconf 81' lang='lat' dir='ltr'>interponere.</span> 
     </span>
    </p>

    <p class='ocr_par' dir='ltr' id='par_1_12' title="bbox 353 917 1491 971">
     <span class='ocr_line' id='line_1_15' title="bbox 353 917 1491 971; baseline 0.002 -13"><span class='ocrx_word' id='word_1_61' title='bbox 353 917 575 959; x_wconf 74' lang='lat' dir='ltr'>Inferiae</span> <span class='ocrx_word' id='word_1_62' title='bbox 599 918 781 966; x_wconf 82' lang='lat' dir='ltr'>sacrifia,</span> <span class='ocrx_word' id='word_1_63' title='bbox 807 932 899 971; x_wconf 76' lang='lat' dir='ltr'>quae</span> <span class='ocrx_word' id='word_1_64' title='bbox 925 917 988 958; x_wconf 89' lang='lat' dir='ltr'>dis</span> <span class='ocrx_word' id='word_1_65' title='bbox 1011 919 1213 958; x_wconf 84' lang='lat' dir='ltr'>manibus</span> <span class='ocrx_word' id='word_1_66' title='bbox 1235 919 1491 960; x_wconf 85' lang='lat' dir='ltr'>inferebant.</span> 
     </span>
    </p>

    <p class='ocr_par' dir='ltr' id='par_1_13' title="bbox 352 987 1831 1113">
     <span class='ocr_line' id='line_1_16' title="bbox 352 987 1831 1045; baseline 0.001 -16"><span class='ocrx_word' id='word_1_67' title='bbox 352 988 679 1038; x_wconf 74' lang='lat' dir='ltr'>Infectores,</span> <span class='ocrx_word' id='word_1_68' title='bbox 702 990 774 1042; x_wconf 87' lang='lat' dir='ltr'>qui</span> <span class='ocrx_word' id='word_1_69' title='bbox 798 989 992 1029; x_wconf 86' lang='lat' dir='ltr'>alienum</span> <span class='ocrx_word' id='word_1_70' title='bbox 1016 989 1208 1029; x_wconf 88' lang='lat' dir='ltr'>colorem</span> <span class='ocrx_word' id='word_1_71' title='bbox 1232 990 1277 1029; x_wconf 91' lang='lat' dir='ltr'>in</span> <span class='ocrx_word' id='word_1_72' title='bbox 1301 989 1450 1030; x_wconf 89' lang='lat' dir='ltr'>lanam</span> <span class='ocrx_word' id='word_1_73' title='bbox 1474 990 1673 1030; x_wconf 78' lang='lat' dir='ltr'>coiciunt.</span> <span class='ocrx_word' id='word_1_74' title='bbox 1700 987 1831 1045; x_wconf 53' lang='grc' dir='ltr'>(Ψω-</span> 
     </span>
     <span class='ocr_line' id='line_1_17' title="bbox 410 1059 1432 1113; baseline -0.002 -12"><span class='ocrx_word' id='word_1_75' title='bbox 410 1066 529 1109; x_wconf 66' lang='lat' dir='ltr'>tores,</span> <span class='ocrx_word' id='word_1_76' title='bbox 555 1060 628 1113; x_wconf 85' lang='lat' dir='ltr'>qui</span> <span class='ocrx_word' id='word_1_77' title='bbox 650 1061 826 1113; x_wconf 85' lang='lat' dir='ltr'>proprio</span> <span class='ocrx_word' id='word_1_78' title='bbox 850 1060 985 1100; x_wconf 87' lang='lat' dir='ltr'>colori</span> <span class='ocrx_word' id='word_1_79' title='bbox 1008 1073 1171 1101; x_wconf 78' lang='lat' dir='ltr'>novum</span> <span class='ocrx_word' id='word_1_80' title='bbox 1195 1059 1432 1101; x_wconf 49' lang='lat' dir='ltr'>officiunff.</span> 
     </span>
    </p>

    <p class='ocr_par' dir='ltr' id='par_1_14' title="bbox 353 1129 1751 1184">
     <span class='ocr_line' id='line_1_18' title="bbox 353 1129 1751 1184; baseline 0.001 -15"><span class='ocrx_word' id='word_1_81' title='bbox 353 1129 688 1182; x_wconf 78' lang='lat' dir='ltr'>Infrequens</span> <span class='ocrx_word' id='word_1_82' title='bbox 711 1130 957 1184; x_wconf 87' lang='lat' dir='ltr'>appellatur</span> <span class='ocrx_word' id='word_1_83' title='bbox 980 1131 1116 1179; x_wconf 84' lang='lat' dir='ltr'>miles,</span> <span class='ocrx_word' id='word_1_84' title='bbox 1143 1133 1215 1184; x_wconf 85' lang='lat' dir='ltr'>qui</span> <span class='ocrx_word' id='word_1_85' title='bbox 1238 1132 1355 1172; x_wconf 85' lang='lat' dir='ltr'>abest</span> <span class='ocrx_word' id='word_1_86' title='bbox 1379 1131 1538 1172; x_wconf 72' lang='lat' dir='ltr'>afuitve</span> <span class='ocrx_word' id='word_1_87' title='bbox 1561 1145 1585 1172; x_wconf 89' lang='lat' dir='ltr'>a</span> <span class='ocrx_word' id='word_1_88' title='bbox 1608 1133 1751 1184; x_wconf 79' lang='lat' dir='ltr'>signis.</span> 
     </span>
    </p>

    <p class='ocr_par' dir='ltr' id='par_1_15' title="bbox 353 1200 1659 1255">
     <span class='ocr_line' id='line_1_19' title="bbox 353 1200 1659 1255; baseline 0.001 -14"><span class='ocrx_word' id='word_1_89' title='bbox 353 1200 623 1242; x_wconf 71' lang='lat' dir='ltr'>1nv01vus</span> <span class='ocrx_word' id='word_1_90' title='bbox 647 1201 874 1242; x_wconf 77' lang='lat' dir='ltr'>vermiculi</span> <span class='ocrx_word' id='word_1_91' title='bbox 894 1214 1042 1254; x_wconf 76' lang='lat' dir='ltr'>genus,</span> <span class='ocrx_word' id='word_1_92' title='bbox 1069 1201 1143 1254; x_wconf 87' lang='lat' dir='ltr'>qui</span> <span class='ocrx_word' id='word_1_93' title='bbox 1165 1215 1208 1242; x_wconf 92' lang='lat' dir='ltr'>se</span> <span class='ocrx_word' id='word_1_94' title='bbox 1232 1201 1413 1242; x_wconf 63' lang='lat' dir='ltr'>involxit</span> <span class='ocrx_word' id='word_1_95' title='bbox 1435 1203 1659 1255; x_wconf 86' lang='lat' dir='ltr'>pampino.</span> 
     </span>
    </p>

    <p class='ocr_par' dir='ltr' id='par_1_16' title="bbox 354 1271 1833 1396">
     <span class='ocr_line' id='line_1_20' title="bbox 354 1271 1833 1325; baseline 0.001 -14"><span class='ocrx_word' id='word_1_96' title='bbox 354 1271 487 1312; x_wconf 74' lang='lat' dir='ltr'>1nfit</span> <span class='ocrx_word' id='word_1_97' title='bbox 508 1272 675 1325; x_wconf 89' lang='lat' dir='ltr'>incipit.</span> <span class='ocrx_word' id='word_1_98' title='bbox 712 1272 796 1313; x_wconf 79' lang='lat' dir='ltr'>Sed</span> <span class='ocrx_word' id='word_1_99' title='bbox 820 1272 996 1312; x_wconf 55' lang='lat' dir='ltr'>diversae</span> <span class='ocrx_word' id='word_1_100' title='bbox 1020 1272 1348 1325; x_wconf 80' lang='lat' dir='ltr'>significationis</span> <span class='ocrx_word' id='word_1_101' title='bbox 1372 1276 1434 1313; x_wconf 86' lang='lat' dir='ltr'>est</span> <span class='ocrx_word' id='word_1_102' title='bbox 1457 1274 1509 1313; x_wconf 76' lang='lat' dir='ltr'>ab</span> <span class='ocrx_word' id='word_1_103' title='bbox 1532 1286 1595 1321; x_wconf 80' lang='lat' dir='ltr'>eo,</span> <span class='ocrx_word' id='word_1_104' title='bbox 1633 1271 1748 1325; x_wconf 84' lang='lat' dir='ltr'>quod</span> <span class='ocrx_word' id='word_1_105' title='bbox 1772 1276 1833 1313; x_wconf 84' lang='lat' dir='ltr'>est</span> 
     </span>
     <span class='ocr_line' id='line_1_21' title="bbox 412 1340 1320 1396; baseline 0 -13"><span class='ocrx_word' id='word_1_106' title='bbox 412 1342 470 1383; x_wconf 89' lang='lat' dir='ltr'>fit.</span> <span class='ocrx_word' id='word_1_107' title='bbox 495 1343 604 1383; x_wconf 85' lang='lat' dir='ltr'>Nam</span> <span class='ocrx_word' id='word_1_108' title='bbox 628 1340 723 1395; x_wconf 51' lang='lat' dir='ltr'>¹infit</span> <span class='ocrx_word' id='word_1_109' title='bbox 746 1344 913 1396; x_wconf 81' lang='lat' dir='ltr'>agentis</span> <span class='ocrx_word' id='word_1_110' title='bbox 937 1346 1011 1392; x_wconf 82' lang='lat' dir='ltr'>est,</span> <span class='ocrx_word' id='word_1_111' title='bbox 1035 1343 1082 1383; x_wconf 87' lang='lat' dir='ltr'>fit</span> <span class='ocrx_word' id='word_1_112' title='bbox 1104 1344 1320 1396; x_wconf 80' lang='lat' dir='ltr'>patientis.</span> 
     </span>
    </p>

    <p class='ocr_par' dir='ltr' id='par_1_17' title="bbox 352 1411 845 1454">
     <span class='ocr_line' id='line_1_22' title="bbox 352 1411 845 1454; baseline 0.006 -3"><span class='ocrx_word' id='word_1_113' title='bbox 352 1411 570 1454; x_wconf 75' lang='lat' dir='ltr'>Infiteri</span> <span class='ocrx_word' id='word_1_114' title='bbox 592 1426 682 1454; x_wconf 91' lang='lat' dir='ltr'>non</span> <span class='ocrx_word' id='word_1_115' title='bbox 705 1413 845 1454; x_wconf 84' lang='lat' dir='ltr'>fateri.</span> 
     </span>
    </p>

    <p class='ocr_par' dir='ltr' id='par_1_18' title="bbox 351 1482 1053 1525">
     <span class='ocr_line' id='line_1_23' title="bbox 351 1482 1053 1525; baseline 0 -2"><span class='ocrx_word' id='word_1_116' title='bbox 351 1482 589 1524; x_wconf 73' lang='lat' dir='ltr'>Infitiari</span> <span class='ocrx_word' id='word_1_117' title='bbox 611 1484 822 1525; x_wconf 86' lang='lat' dir='ltr'>creditum</span> <span class='ocrx_word' id='word_1_118' title='bbox 844 1483 1053 1524; x_wconf 85' lang='lat' dir='ltr'>fraudare.</span> 
     </span>
    </p>

    <p class='ocr_par' dir='ltr' id='par_1_19' title="bbox 352 1554 1901 1679">
     <span class='ocr_line' id='line_1_24' title="bbox 352 1554 1901 1607; baseline 0 -13"><span class='ocrx_word' id='word_1_119' title='bbox 352 1554 549 1595; x_wconf 78' lang='lat' dir='ltr'>Infulae</span> <span class='ocrx_word' id='word_1_120' title='bbox 573 1558 674 1596; x_wconf 86' lang='lat' dir='ltr'>sunt</span> <span class='ocrx_word' id='word_1_121' title='bbox 696 1554 919 1596; x_wconf 87' lang='lat' dir='ltr'>filamenta</span> <span class='ocrx_word' id='word_1_122' title='bbox 955 1555 1093 1603; x_wconf 83' lang='lat' dir='ltr'>lanea,</span> <span class='ocrx_word' id='word_1_123' title='bbox 1132 1556 1284 1607; x_wconf 80' lang='lat' dir='ltr'>quibus</span> <span class='ocrx_word' id='word_1_124' title='bbox 1319 1554 1563 1596; x_wconf 77' lang='lat' dir='ltr'>sacerdotes</span> <span class='ocrx_word' id='word_1_125' title='bbox 1599 1556 1639 1594; x_wconf 89' lang='lat' dir='ltr'>et</span> <span class='ocrx_word' id='word_1_126' title='bbox 1674 1555 1901 1595; x_wconf 51' lang='lat' dir='ltr'>hosti-&amp;3113</span> 
     </span>
     <span class='ocr_line' id='line_1_25' title="bbox 410 1613 1881 1679; baseline 0.001 -13"><span class='ocrx_word' id='word_1_127' title='bbox 410 1626 658 1679; x_wconf 86' lang='lat' dir='ltr'>templaque</span> <span class='ocrx_word' id='word_1_128' title='bbox 682 1626 894 1666; x_wconf 79' lang='lat' dir='ltr'>velantur.</span> <span class='ocrx_word' id='word_1_129' title='bbox 1444 1613 1446 1615; x_wconf 66' lang='lat'>‚</span> <span class='ocrx_word' id='word_1_130' title='bbox 1878 1629 1881 1632; x_wconf 80' lang='grc'>’</span> 
     </span>
    </p>

    <p class='ocr_par' dir='ltr' id='par_1_20' title="bbox 351 1695 1828 1819">
     <span class='ocr_line' id='line_1_26' title="bbox 351 1695 1828 1748; baseline 0 -13"><span class='ocrx_word' id='word_1_131' title='bbox 351 1695 623 1736; x_wconf 75' lang='lat' dir='ltr'>Inferium</span> <span class='ocrx_word' id='word_1_132' title='bbox 646 1695 909 1740; x_wconf 74' lang='lat' dir='ltr'>Vinumid,</span> <span class='ocrx_word' id='word_1_133' title='bbox 927 1695 1041 1748; x_wconf 88' lang='lat' dir='ltr'>quod</span> <span class='ocrx_word' id='word_1_134' title='bbox 1065 1696 1109 1735; x_wconf 88' lang='lat' dir='ltr'>in</span> <span class='ocrx_word' id='word_1_135' title='bbox 1132 1695 1413 1736; x_wconf 82' lang='lat' dir='ltr'>sacrificando</span> <span class='ocrx_word' id='word_1_136' title='bbox 1429 1695 1541 1736; x_wconf 85' lang='lat' dir='ltr'>infra</span> <span class='ocrx_word' id='word_1_137' title='bbox 1564 1695 1733 1736; x_wconf 81' lang='lat' dir='ltr'>labrum</span> <span class='ocrx_word' id='word_1_138' title='bbox 1756 1708 1828 1748; x_wconf 86' lang='lat' dir='ltr'>pa·</span> 
     </span>
     <span class='ocr_line' id='line_1_27' title="bbox 409 1767 787 1819; baseline 0 -13"><span class='ocrx_word' id='word_1_139' title='bbox 409 1769 510 1807; x_wconf 62' lang='lat' dir='ltr'>teree</span> <span class='ocrx_word' id='word_1_140' title='bbox 532 1767 787 1819; x_wconf 81' lang='lat' dir='ltr'>ponebatur.</span> 
     </span>
    </p>

    <p class='ocr_par' dir='ltr' id='par_1_21' title="bbox 351 1835 1828 1890">
     <span class='ocr_line' id='line_1_28' title="bbox 351 1835 1828 1890; baseline 0.001 -14"><span class='ocrx_word' id='word_1_141' title='bbox 351 1835 613 1878; x_wconf 73' lang='lat' dir='ltr'>Inlicium</span> <span class='ocrx_word' id='word_1_142' title='bbox 634 1847 839 1878; x_wconf 77' lang='lat' dir='ltr'>vocare</span> <span class='ocrx_word' id='word_1_143' title='bbox 869 1838 1034 1890; x_wconf 84' lang='lat' dir='ltr'>antiqui</span> <span class='ocrx_word' id='word_1_144' title='bbox 1057 1837 1257 1877; x_wconf 82' lang='lat' dir='ltr'>dicebant</span> <span class='ocrx_word' id='word_1_145' title='bbox 1290 1836 1343 1877; x_wconf 86' lang='lat' dir='ltr'>ad</span> <span class='ocrx_word' id='word_1_146' title='bbox 1380 1839 1628 1878; x_wconf 88' lang='lat' dir='ltr'>contionem</span> <span class='ocrx_word' id='word_1_147' title='bbox 1664 1849 1828 1877; x_wconf 81' lang='lat' dir='ltr'>vocare.</span> 
     </span>
    </p>

    <p class='ocr_par' dir='ltr' id='par_1_22' title="bbox 350 1906 1827 2019">
     <span class='ocr_line' id='line_1_29' title="bbox 350 1906 1827 1960; baseline 0.001 -13"><span class='ocrx_word' id='word_1_148' title='bbox 350 1907 556 1948; x_wconf 75' lang='lat' dir='ltr'>Inlices</span> <span class='ocrx_word' id='word_1_149' title='bbox 580 1908 765 1956; x_wconf 85' lang='lat' dir='ltr'>canales,</span> <span class='ocrx_word' id='word_1_150' title='bbox 802 1908 847 1947; x_wconf 92' lang='lat' dir='ltr'>in</span> <span class='ocrx_word' id='word_1_151' title='bbox 872 1921 977 1960; x_wconf 88' lang='lat' dir='ltr'>quos</span> <span class='ocrx_word' id='word_1_152' title='bbox 1000 1920 1111 1960; x_wconf 86' lang='lat' dir='ltr'>aqua</span> <span class='ocrx_word' id='word_1_153' title='bbox 1135 1906 1314 1948; x_wconf 84' lang='lat' dir='ltr'>confiuit</span> <span class='ocrx_word' id='word_1_154' title='bbox 1337 1907 1381 1947; x_wconf 91' lang='lat' dir='ltr'>in</span> <span class='ocrx_word' id='word_1_155' title='bbox 1404 1907 1482 1948; x_wconf 69' lang='lat' dir='ltr'>viis</span> <span class='ocrx_word' id='word_1_156' title='bbox 1505 1906 1649 1960; x_wconf 88' lang='lat' dir='ltr'>lapide</span> <span class='ocrx_word' id='word_1_157' title='bbox 1673 1908 1827 1956; x_wconf 83' lang='lat' dir='ltr'>stratis,</span> 
     </span>
     <span class='ocr_line' id='line_1_30' title="bbox 410 1977 887 2019; baseline -0.002 0"><span class='ocrx_word' id='word_1_158' title='bbox 410 1979 461 2019; x_wconf 87' lang='lat' dir='ltr'>ab</span> <span class='ocrx_word' id='word_1_159' title='bbox 485 1977 749 2019; x_wconf 63' lang='lat' dir='ltr'>inliciendo*</span> <span class='ocrx_word' id='word_1_160' title='bbox 774 1978 887 2019; x_wconf 89' lang='lat' dir='ltr'>dicti.</span> 
     </span>
    </p>

    <p class='ocr_par' dir='ltr' id='par_1_23' title="bbox 351 2048 1278 2090">
     <span class='ocr_line' id='line_1_31' title="bbox 351 2048 1278 2090; baseline 0.001 -2"><span class='ocrx_word' id='word_1_161' title='bbox 351 2048 661 2090; x_wconf 75' lang='lat' dir='ltr'>Inlecebrae</span> <span class='ocrx_word' id='word_1_162' title='bbox 683 2051 788 2089; x_wconf 88' lang='lat' dir='ltr'>item</span> <span class='ocrx_word' id='word_1_163' title='bbox 810 2050 861 2089; x_wconf 85' lang='lat' dir='ltr'>ab</span> <span class='ocrx_word' id='word_1_164' title='bbox 884 2048 1120 2089; x_wconf 85' lang='lat' dir='ltr'>inliciendo</span> <span class='ocrx_word' id='word_1_165' title='bbox 1144 2048 1278 2089; x_wconf 63' lang='lat' dir='ltr'>dictae.</span> 
     </span>
    </p>

    <p class='ocr_par' dir='ltr' id='par_1_24' title="bbox 351 2119 1827 2313">
     <span class='ocr_line' id='line_1_32' title="bbox 351 2119 1827 2173; baseline 0.001 -14"><span class='ocrx_word' id='word_1_166' title='bbox 351 2119 514 2160; x_wconf 77' lang='lat' dir='ltr'>Inlex</span> <span class='ocrx_word' id='word_1_167' title='bbox 549 2119 759 2173; x_wconf 87' lang='lat' dir='ltr'>producta</span> <span class='ocrx_word' id='word_1_168' title='bbox 791 2119 988 2172; x_wconf 88' lang='lat' dir='ltr'>sequenti</span> <span class='ocrx_word' id='word_1_169' title='bbox 1022 2119 1187 2172; x_wconf 66' lang='lat' dir='ltr'>syllaba</span> <span class='ocrx_word' id='word_1_170' title='bbox 1221 2119 1470 2172; x_wconf 37' lang='lat' dir='ltr'>signifieat&amp;</span> <span class='ocrx_word' id='word_1_171' title='bbox 1507 2119 1580 2172; x_wconf 90' lang='lat' dir='ltr'>qui</span> <span class='ocrx_word' id='word_1_172' title='bbox 1617 2119 1700 2173; x_wconf 82' lang='lat' dir='ltr'>legi</span> <span class='ocrx_word' id='word_1_173' title='bbox 1736 2133 1827 2160; x_wconf 89' lang='lat' dir='ltr'>non</span> 
     </span>
     <span class='ocr_line' id='line_1_33' title="bbox 410 2188 1826 2243; baseline 0 -12"><span class='ocrx_word' id='word_1_174' title='bbox 410 2194 542 2243; x_wconf 81' lang='lat' dir='ltr'>paret.</span> <span class='ocrx_word' id='word_1_175' title='bbox 580 2188 707 2232; x_wconf 64' lang='lat' dir='ltr'>Iuleas</span> <span class='ocrx_word' id='word_1_176' title='bbox 729 2193 926 2243; x_wconf 85' lang='lat' dir='ltr'>correpta</span> <span class='ocrx_word' id='word_1_177' title='bbox 960 2191 1157 2242; x_wconf 87' lang='lat' dir='ltr'>sequenti</span> <span class='ocrx_word' id='word_1_178' title='bbox 1180 2190 1346 2242; x_wconf 69' lang='lat' dir='ltr'>syllaba</span> <span class='ocrx_word' id='word_1_179' title='bbox 1380 2190 1594 2242; x_wconf 82' lang='lat' dir='ltr'>significat</span> <span class='ocrx_word' id='word_1_180' title='bbox 1615 2190 1826 2240; x_wconf 81' lang='lat' dir='ltr'>inductor,</span> 
     </span>
     <span class='ocr_line' id='line_1_34' title="bbox 410 2259 1820 2313; baseline 0.001 -12"><span class='ocrx_word' id='word_1_181' title='bbox 410 2262 461 2301; x_wconf 76' lang='lat' dir='ltr'>ab</span> <span class='ocrx_word' id='word_1_182' title='bbox 486 2261 734 2302; x_wconf 88' lang='lat' dir='ltr'>inliciendo.</span> <span class='ocrx_word' id='word_1_183' title='bbox 771 2260 974 2301; x_wconf 86' lang='lat' dir='ltr'>Plautus:</span> <span class='ocrx_word' id='word_1_184' title='bbox 1016 2259 1150 2301; x_wconf 84' lang='lat' dir='ltr'>«Esca</span> <span class='ocrx_word' id='word_1_185' title='bbox 1174 2263 1235 2301; x_wconf 90' lang='lat' dir='ltr'>est</span> <span class='ocrx_word' id='word_1_186' title='bbox 1258 2262 1472 2308; x_wconf 71' lang='lat' dir='ltr'>meretrix,</span> <span class='ocrx_word' id='word_1_187' title='bbox 1496 2263 1644 2313; x_wconf 86' lang='lat' dir='ltr'>pectus</span> <span class='ocrx_word' id='word_1_188' title='bbox 1667 2261 1820 2302; x_wconf 73' lang='lat' dir='ltr'>inlex.»</span> 
     </span>
    </p>

    <p class='ocr_par' dir='ltr' id='par_1_25' title="bbox 350 2330 1723 2384">
     <span class='ocr_line' id='line_1_35' title="bbox 350 2330 1723 2384; baseline 0.001 -14"><span class='ocrx_word' id='word_1_189' title='bbox 350 2330 665 2372; x_wconf 77' lang='lat' dir='ltr'>1nlitterata</span> <span class='ocrx_word' id='word_1_190' title='bbox 685 2342 797 2383; x_wconf 78' lang='lat' dir='ltr'>pax</span> <span class='ocrx_word' id='word_1_191' title='bbox 819 2333 892 2380; x_wconf 82' lang='lat' dir='ltr'>est,</span> <span class='ocrx_word' id='word_1_192' title='bbox 919 2345 1012 2384; x_wconf 74' lang='lat' dir='ltr'>quae</span> <span class='ocrx_word' id='word_1_193' title='bbox 1035 2331 1188 2371; x_wconf 87' lang='lat' dir='ltr'>litteris</span> <span class='ocrx_word' id='word_1_194' title='bbox 1211 2331 1511 2384; x_wconf 84' lang='lat' dir='ltr'>conprehensa</span> <span class='ocrx_word' id='word_1_195' title='bbox 1533 2344 1624 2372; x_wconf 91' lang='lat' dir='ltr'>non</span> <span class='ocrx_word' id='word_1_196' title='bbox 1648 2335 1723 2372; x_wconf 86' lang='lat' dir='ltr'>est.</span> 
     </span>
    </p>

    <p class='ocr_par' dir='ltr' id='par_1_26' title="bbox 350 2401 1699 2455">
     <span class='ocr_line' id='line_1_36' title="bbox 350 2401 1699 2455; baseline 0.001 -14"><span class='ocrx_word' id='word_1_197' title='bbox 350 2401 742 2452; x_wconf 74' lang='lat' dir='ltr'>Inlaqueatum</span> <span class='ocrx_word' id='word_1_198' title='bbox 764 2401 839 2442; x_wconf 85' lang='lat' dir='ltr'>alii</span> <span class='ocrx_word' id='word_1_199' title='bbox 860 2414 938 2454; x_wconf 89' lang='lat' dir='ltr'>pro</span> <span class='ocrx_word' id='word_1_200' title='bbox 961 2401 1104 2442; x_wconf 73' lang='lat' dir='ltr'>vincto</span> <span class='ocrx_word' id='word_1_201' title='bbox 1128 2403 1321 2449; x_wconf 85' lang='lat' dir='ltr'>utuntur,</span> <span class='ocrx_word' id='word_1_202' title='bbox 1348 2401 1422 2441; x_wconf 89' lang='lat' dir='ltr'>alii</span> <span class='ocrx_word' id='word_1_203' title='bbox 1444 2415 1522 2455; x_wconf 90' lang='lat' dir='ltr'>pro</span> <span class='ocrx_word' id='word_1_204' title='bbox 1546 2402 1699 2443; x_wconf 87' lang='lat' dir='ltr'>soluto.</span> 
     </span>
    </p>

    <p class='ocr_par' dir='ltr' id='par_1_27' title="bbox 350 2471 1124 2513">
     <span class='ocr_line' id='line_1_37' title="bbox 350 2471 1124 2513; baseline -0.001 -1"><span class='ocrx_word' id='word_1_205' title='bbox 350 2471 418 2511; x_wconf 83' lang='lat' dir='ltr'>In</span> <span class='ocrx_word' id='word_1_206' title='bbox 442 2472 816 2513; x_wconf 79' lang='lat' dir='ltr'>conventione</span> <span class='ocrx_word' id='word_1_207' title='bbox 838 2474 885 2512; x_wconf 86' lang='lat' dir='ltr'>in</span> <span class='ocrx_word' id='word_1_208' title='bbox 907 2473 1124 2512; x_wconf 84' lang='lat' dir='ltr'>contione.</span> 
     </span>
    </p>

    <p class='ocr_par' dir='ltr' id='par_1_28' title="bbox 350 2541 1307 2594">
     <span class='ocr_line' id='line_1_38' title="bbox 350 2541 1307 2594; baseline 0.001 -13"><span class='ocrx_word' id='word_1_209' title='bbox 350 2541 563 2583; x_wconf 76' lang='lat' dir='ltr'>Iustum</span> <span class='ocrx_word' id='word_1_210' title='bbox 585 2541 788 2583; x_wconf 77' lang='lat' dir='ltr'>vadem</span> <span class='ocrx_word' id='word_1_211' title='bbox 809 2542 1015 2583; x_wconf 89' lang='lat' dir='ltr'>idoneum</span> <span class='ocrx_word' id='word_1_212' title='bbox 1038 2555 1307 2594; x_wconf 80' lang='lat' dir='ltr'>sponsorem.</span> 
     </span>
    </p>

    <p class='ocr_par' dir='ltr' id='par_1_29' title="bbox 350 2611 1823 2735">
     <span class='ocr_line' id='line_1_39' title="bbox 350 2611 1823 2666; baseline 0.001 -15"><span class='ocrx_word' id='word_1_213' title='bbox 350 2611 504 2652; x_wconf 73' lang='lat' dir='ltr'>Infra</span> <span class='ocrx_word' id='word_1_214' title='bbox 540 2611 775 2653; x_wconf 77' lang='lat' dir='ltr'>Classem</span> <span class='ocrx_word' id='word_1_215' title='bbox 807 2612 1118 2665; x_wconf 75' lang='lat' dir='ltr'>significantur,</span> <span class='ocrx_word' id='word_1_216' title='bbox 1156 2613 1227 2665; x_wconf 87' lang='lat' dir='ltr'>qui</span> <span class='ocrx_word' id='word_1_217' title='bbox 1261 2613 1426 2653; x_wconf 88' lang='lat' dir='ltr'>minore</span> <span class='ocrx_word' id='word_1_218' title='bbox 1466 2626 1648 2661; x_wconf 73' lang='lat' dir='ltr'>summa,</span> <span class='ocrx_word' id='word_1_219' title='bbox 1694 2627 1823 2666; x_wconf 85' lang='lat' dir='ltr'>quam</span> 
     </span>
     <span class='ocr_line' id='line_1_40' title="bbox 410 2683 1446 2735; baseline 0.001 -13"><span class='ocrx_word' id='word_1_220' title='bbox 410 2684 583 2722; x_wconf 80' lang='lat' dir='ltr'>centum</span> <span class='ocrx_word' id='word_1_221' title='bbox 608 2684 647 2722; x_wconf 85' lang='lat' dir='ltr'>et</span> <span class='ocrx_word' id='word_1_222' title='bbox 670 2683 820 2735; x_wconf 70' lang='lat' dir='ltr'>viginti</span> <span class='ocrx_word' id='word_1_223' title='bbox 844 2683 1040 2723; x_wconf 51' lang='lat' dir='ltr'>milium*</span> <span class='ocrx_word' id='word_1_224' title='bbox 1065 2685 1171 2732; x_wconf 63' lang='lat' dir='ltr'>aeris,</span> <span class='ocrx_word' id='word_1_225' title='bbox 1196 2684 1312 2723; x_wconf 87' lang='lat' dir='ltr'>censi</span> <span class='ocrx_word' id='word_1_226' title='bbox 1335 2685 1446 2724; x_wconf 82' lang='lat' dir='ltr'>sunt.</span> 
     </span>
    </p>

    <p class='ocr_par' dir='ltr' id='par_1_30' title="bbox 349 2752 1821 2806">
     <span class='ocr_line' id='line_1_41' title="bbox 349 2752 1821 2806; baseline 0 -14"><span class='ocrx_word' id='word_1_227' title='bbox 349 2752 708 2792; x_wconf 70' lang='lat' dir='ltr'>Intercutitus</span> <span class='ocrx_word' id='word_1_228' title='bbox 742 2752 1019 2794; x_wconf 73' lang='lat' dir='ltr'>vehementer</span> <span class='ocrx_word' id='word_1_229' title='bbox 1054 2753 1223 2801; x_wconf 71' lang='lat' dir='ltr'>cutitus,</span> <span class='ocrx_word' id='word_1_230' title='bbox 1260 2753 1338 2793; x_wconf 87' lang='lat' dir='ltr'>hoc</span> <span class='ocrx_word' id='word_1_231' title='bbox 1362 2756 1425 2793; x_wconf 79' lang='lat' dir='ltr'>est</span> <span class='ocrx_word' id='word_1_232' title='bbox 1447 2753 1568 2794; x_wconf 71' lang='lat' dir='ltr'>valde</span> <span class='ocrx_word' id='word_1_233' title='bbox 1591 2756 1821 2806; x_wconf 81' lang='lat' dir='ltr'>stupratus.</span> 
     </span>
    </p>

    <p class='ocr_par' dir='ltr' id='par_1_31' title="bbox 349 2821 863 2876">
     <span class='ocr_line' id='line_1_42' title="bbox 349 2821 863 2876; baseline 0.004 -15"><span class='ocrx_word' id='word_1_234' title='bbox 349 2821 660 2862; x_wconf 74' lang='lat' dir='ltr'>1n1101tat0r</span> <span class='ocrx_word' id='word_1_235' title='bbox 683 2826 863 2876; x_wconf 82' lang='lat' dir='ltr'>emptor.</span> 
     </span>
    </p>
   </div>
  </div>
 </body>
</html>
