2072 3222
339 181 392 221 82
659 193 781 220 PAULI
805 191 1021 221 EXCERPTA
1044 191 1098 219 Ex
1118 191 1201 219 LIB.
1225 191 1350 218 POMP.
1374 191 1494 218 FEsTI
1676 189 1815 216 114—116

339 447 650 490 Lucetium
665 449 810 489 lovem
828 448 1126 502 appellabant,
1149 448 1262 502 quod
1278 462 1377 490 eum
1392 449 1500 489 lucis
1523 463 1613 490 esse
1638 462 1813 490 causam

396 520 643 562 credebant.

338 590 633 641 Lemnisoi‚
667 590 710 631 id
733 592 796 631 est
815 589 1001 631 fasciolae
1025 589 1208 638 coloriae,
1242 590 1536 643 dependentes
1559 604 1607 630 ex
1631 589 1815 640 coronis,
1837 601 1887 635 115

260 716 261 720 Ἰ
397 663 625 714 propterea
658 660 871 708 dicuntur,
906 660 1020 713 quod
1043 660 1389 713 antiquissimum
1424 660 1505 701 fuit
1526 674 1662 713 genus
1698 673 1815 701 coro-

260 721 293 774 ι5
395 745 552 773 narum
575 731 817 772 lanearum.

339 802 545 844 Lectus
569 801 705 842 dictus
727 802 794 842 vel
817 814 843 842 a
865 801 1055 842 collectis
1077 800 1190 841 foliis
1213 800 1266 841 ad
1290 801 1586 850 cubitandum,
1609 801 1675 842 vel
1699 801 1814 854 quod

396 873 594 926 fatigatos
618 871 672 913 ad
695 886 738 913 se
762 872 938 921 alliciat,
960 871 1027 912 vel
1051 885 1076 912 a
1098 870 1247 912 Graeco
1270 873 1448 925 λέκτρον.

338 942 614 996 Lapidem
637 942 851 984 silicem
863 942 1074 984 tenebant
1094 942 1276 982 iuraturi
1289 956 1365 995 per
1387 942 1547 993 Iovem,
1571 943 1663 984 haec
1684 943 1817 984 verba

398 1014 610 1055 dicentes:
654 1012 721 1054 «Si
759 1013 896 1054 sciens
930 1013 1036 1054 fallo
1052 1044 1062 1061 ,
1098 1015 1191 1053 tum
1229 1026 1298 1054 me
1332 1012 1521 1066 Dispiter
1558 1013 1677 1055 salva
1709 1014 1815 1055 urbe

280 1103 313 1128 10
396 1098 579 1138 arceque
602 1084 728 1125 bonis
751 1084 889 1133 eiciat,
912 1087 960 1124 ut
983 1097 1060 1136 ego
1083 1084 1202 1124 1111110
1224 1083 1452 1137 lapidem.»

336 1155 566 1208 Lepista
587 1169 723 1209 genus
744 1155 854 1196 vasis
877 1155 1055 1207 aquarii.

337 1226 510 1278 Legio
549 1226 796 1268 Samnitum
834 1223 1011 1268 linteata
1053 1226 1275 1279 appellata
1312 1228 1399 1275 est,
1442 1225 1554 1279 quod
1599 1225 1816 1268 Samnites

396 1298 609 1338 intrantes
643 1297 799 1350 singuli
829 1296 882 1337 ad
918 1309 1039 1337 aram
1073 1296 1180 1337 velis
1202 1296 1346 1337 linteis
1382 1296 1690 1338 circumdatam
1725 1310 1815 1338 non

397 1381 589 1409 cessuros
613 1382 656 1409 se
679 1368 880 1408 Romano
903 1367 1030 1408 militi
1052 1367 1313 1408 iuraverant.

280 1457 313 1481 15
338 1438 601 1480 Lenones
623 1439 678 1480 ab
702 1437 931 1479 alliciendo
955 1437 1304 1479 adulescentulos
1328 1437 1549 1491 appellati.

339 1509 540 1551 Letum
563 1510 616 1550 ab
640 1509 869 1557 oblivione,
893 1521 1023 1562 quam
1047 1507 1184 1549 Graeci
1207 1510 1340 1564 λήθην
1365 1511 1535 1557 vocant,
1560 1508 1734 1549 dictum.

339 1580 613 1621 Lemonia
644 1579 820 1620 tribus
855 1593 879 1620 a
912 1593 1024 1633 pago
1061 1579 1273 1620 Lemonio
1309 1578 1544 1632 appellata,
1580 1579 1650 1632 qui
1687 1582 1749 1620 est
1792 1592 1817 1620 a

396 1653 522 1705 porta
545 1650 723 1704 Capena
744 1651 812 1691 via
834 1650 1004 1691 Latina.

338 1721 511 1763 LeVir
534 1724 596 1763 est
617 1722 738 1763 uxori
762 1735 867 1762 meae
891 1721 1021 1762 frater
1043 1735 1180 1762 meus.

279 1810 314 1833 20
337 1791 533 1834 Leria*
558 1794 819 1833 ornamenta
840 1792 1087 1833 tunicarum
1111 1806 1255 1833 aurea.

338 1863 606 1905 Lesbium
627 1877 762 1916 genus
784 1863 895 1904 vasis
918 1863 1054 1904 caelati
1078 1876 1102 1903 a
1123 1862 1272 1905 Lesbis
1293 1864 1535 1904 inventum.

338 1933 599 1985 Legimus
623 1936 697 1974 aut
719 1933 937 1987 scriptum,
974 1936 1048 1974 aut
1072 1934 1215 1974 oleam
1237 1933 1495 1986 glandemve
1533 1936 1573 1974 et
1595 1933 1680 1973 alia
1702 1947 1813 1985 quae-

397 2003 520 2052 dam3
547 2008 587 2046 et
609 2004 754 2046 addita
767 2004 1072 2057 praepositione
1097 2004 1277 2044 dicimus
1300 2001 1549 2059 colliqimzc.s·,
1574 2001 1814 2057 deligamus.

339 2073 596 2115 Lectosia
616 2075 761 2115 insula
794 2074 906 2115 dicta
928 2088 953 2114 a
985 2075 1247 2115 consobrina
1270 2076 1425 2115 Aeneae
1448 2073 1609 2115 ibidem
1632 2074 1816 2127 sepulta.

279 2163 314 2187 25
338 2144 592 2185 Lictores
615 2144 828 2194 dicuntur,
852 2144 966 2197 quod
988 2144 1124 2185 fasces
1146 2145 1361 2197 virgarum
1385 2145 1541 2197 ligatos
1563 2144 1720 2184 ferunt.
1758 2143 1817 2184 Hi

397 2218 597 2269 parentes
619 2215 936 2267 magistratibus
960 2215 1312 2268 delinquentibus
1335 2215 1484 2268 plagas
1506 2215 1726 2268 ingerunt.

339 2285 511 2326 Liber
532 2287 727 2338 repertor
748 2285 835 2325 vini
858 2284 954 2326 ideo
978 2286 1035 2325 sic
1058 2286 1318 2338 appellatur,
1343 2284 1456 2338 quod
1471 2285 1573 2325 tino
1596 2284 1732 2325 nimio
1751 2284 1816 2325 usi

398 2356 546 2396 omnia
567 2355 701 2396 libere
726 2355 975 2408 loquantur.

338 2426 513 2467 Limis
538 2427 749 2480 obliquus,
774 2425 817 2466 id
840 2429 901 2468 est
922 2429 1212 2473 transversus3
1239 2427 1354 2467 unde
1379 2429 1419 2467 et
1442 2424 1614 2468 ἰίιηῑῗηιι.

281 2515 315 2539 30
338 2497 573 2539 Limites
594 2498 639 2537 in
662 2498 772 2550 agris
795 2511 912 2538 nunc
934 2498 1120 2546 termini,
1144 2511 1261 2538 nunc
1282 2498 1358 2537 viae
1381 2501 1646 2539 transversae.

338 2567 633 2608 Limitatus
657 2581 758 2619 ager
780 2570 843 2608 est
864 2568 908 2608 in
931 2568 1146 2608 centurias
1170 2567 1405 2608 dimensus.

339 2636 549 2678 Librfle
574 2651 726 2691 scapus
750 2637 883 2678 libne.

339 2707 601 2749 Librffla*
635 2709 971 2761 appellabantur
1006 2710 1296 2749 instrumenta
1329 2707 1499 2757 bellica,
1533 2720 1635 2748 saxa
1657 2707 1818 2748 scilicet

398 2779 451 2819 ad
473 2778 637 2819 brachii
671 2778 998 2819 crassitudinem
1032 2780 1077 2819 in
1101 2779 1280 2819 modum
1315 2777 1587 2830 flagellorum
1622 2778 1724 2818 loris
1756 2790 1818 2817 re-

282 2866 316 2889 35
400 2850 554 2889 vincta.

1838 2440 1888 2473 116
