2072 3222
735 149 981 177 PRAEFATIO.
1540 148 1598 175 vn
1620 133 1623 135 ’

119 266 282 308 editum
317 267 380 307 est
414 265 628 318 simulque
664 265 878 314 omnibus,
914 263 988 318 qui
1009 278 1077 306 me
1111 264 1154 304 in
1184 264 1250 305 his
1273 263 1424 305 studiis
1450 263 1597 305 multis

119 347 258 390 modis
281 346 456 388 consilio
478 347 545 388 vel
565 359 695 399 opera
723 345 994 388 adiuverunt.

211 431 351 483 Atque
373 428 513 482 primo
545 429 636 470 loco
669 428 860 479 nomino,
899 429 973 482 qui
1009 443 1059 470 ex
1081 428 1288 481 discipulo
1309 428 1418 469 mihi
1439 428 1599 482 collega

119 515 161 555 et
197 512 360 553 amicus
405 511 554 559 evasit,
598 509 902 552 EUGENIUM
946 497 1110 560 ABEL‚
1154 510 1365 564 siquidem
1408 509 1598 551 codicem

120 594 435 636 Farnesianum
491 592 895 646 deperditorumque
950 593 1280 646 quaternionum
1335 591 1596 646 apographa,

121 690 214 730 quae
254 675 300 716 in
331 675 588 717 bibliotheca
623 674 833 716 Vaticana
875 677 1159 722 asservantur,
1193 675 1238 715 in
1280 688 1428 715 meum
1469 687 1599 715 usum

119 758 302 799 excussit
345 760 385 799 et
423 756 675 798 memoriam
712 759 853 798 textus
890 756 1055 798 Festini
1093 755 1391 798 stabiliendam
1429 769 1599 797 summa

119 853 220 880 cura
253 839 452 892 suscepit.

207 921 426 962 Laudibus
444 923 485 962 et
503 921 627 962 bonis
649 919 1012 962 recordationibus
1034 934 1267 973 prosequor
1296 919 1599 963 GUSTAVUM

118 1003 333 1052 LOEWE,
366 1003 520 1045 litteris
543 1005 583 1044 et
607 1003 756 1044 amicis
778 1016 892 1044 anno
910 1016 1226 1044 MDCCCLXXXXV.
1250 1003 1366 1056 gravi
1384 1002 1599 1056 flebilique

119 1099 220 1127 casu
239 1087 446 1139 ereptum,
473 1085 546 1138 qui
564 1099 652 1126 non
675 1085 815 1126 solum
838 1085 965 1126 variis
984 1088 1024 1126 et
1041 1085 1299 1126 salutaribus
1323 1085 1513 1126 consiliis
1530 1099 1599 1126 me

119 1167 355 1209 sublevavit
377 1167 451 1208 sed
474 1167 602 1208 etiam
626 1167 813 1208 codicem
836 1167 1180 1208 Escorialensem
1203 1167 1236 1209 O
1254 1167 1326 1208 ΠΙ.
1348 1168 1415 1208 31.
1435 1181 1531 1209 cum
1555 1168 1599 1208 in

118 1250 331 1303 Hispania
356 1252 609 1300 moraretur,
641 1263 738 1290 mea
761 1249 897 1303 gratia
913 1249 1313 1290 benevolentissime
1329 1250 1598 1291 examinavit.

208 1333 415 1373 Praeterea
449 1345 620 1372 summa
641 1331 766 1372 laude
801 1332 1168 1372 commemorandi
1191 1334 1294 1372 sunt
1327 1332 1599 1374 bibliotheca-

119 1428 216 1454 rum
236 1413 546 1464 LEIDENSIS,
578 1413 895 1463 TREOENSIS,
923 1413 1289 1465 MONACENSIS‚
1314 1413 1599 1457 GUELFER-

119 1496 381 1538 BYTANAE
404 1496 605 1549 praefecti,
639 1510 823 1549 quorum
847 1510 1062 1550 propensa
1084 1497 1304 1538 voluntate
1339 1498 1500 1538 factum
1525 1499 1600 1548 est,

122 1581 171 1620 ut
194 1579 358 1620 codices
381 1579 613 1620 Vossianos
637 1579 706 1619 37.
739 1579 832 1619 116.
861 1578 970 1629 135.,
995 1580 1247 1620 Trecensem
1272 1580 1414 1627 2291„
1450 1579 1599 1620 Mona-

120 1674 291 1702 censem
319 1659 488 1711 14734„
523 1661 907 1714 Guelferbytanum
936 1662 998 1712 10,
1025 1663 1062 1702 3.
1098 1661 1382 1715 Budapestini
1405 1664 1599 1703 excutere

123 1743 232 1784 mihi
249 1743 405 1793 liceret,
422 1743 635 1796 simulque
652 1742 939 1785 HENRICUS
962 1743 1151 1785 OMONT
1174 1743 1402 1791 Parisinus,
1426 1743 1600 1794 («Sous-

122 1824 442 1866 bibliothecaire
464 1839 516 1866 au
545 1824 658 1878 dept.
685 1825 758 1866 des
780 1840 881 1866 mss.
906 1826 956 1867 de
980 1827 1020 1867 la
1042 1827 1318 1868 Emi-Nat»)
1355 1826 1475 1867 cuius
1498 1827 1599 1868 libe-

121 1907 280 1947 ralitati
302 1906 456 1948 notitia
479 1906 672 1948 codicum
695 1908 739 1948 in
763 1907 905 1950 Gallia
938 1908 1199 1949 exstantium
1223 1908 1413 1950 debetur.

209 1990 353 2042 Neque
376 1989 564 2030 minores
598 2003 677 2043 ago
711 1990 868 2043 gratias
903 1990 961 2031 eis
985 1991 1082 2031 viris
1113 1991 1258 2039 doctis,
1293 1991 1364 2043 qui
1395 1993 1601 2044 opuscula

122 2084 199 2111 sua
221 2071 275 2111 ad
297 2071 413 2112 Festi
435 2071 636 2124 reliquias
659 2085 929 2126 quocumque
959 2072 1086 2114 modo
1122 2072 1360 2126 spectantia
1393 2073 1598 2115 liberalis—

123 2152 231 2193 sime
254 2152 362 2193 mihi
385 2153 734 2195 transmiserunt.
759 2154 870 2196 Sunt
891 2156 1037 2196 autem
1062 2154 1118 2203 111,
1156 2168 1262 2207 quos
1292 2155 1402 2196 infra
1425 2156 1597 2209 scripsi:

120 2233 145 2275 J
149 2234 367 2276 OANNES
404 2235 631 2277 VAHLEN
665 2236 955 2278 Berolinensis
994 2240 1242 2290 (praeceptor
1279 2251 1401 2278 meus
1435 2236 1598 2278 carissi-

121 2320 250 2367 mus),
285 2317 573 2360 GEORGIUS
596 2317 777 2360 GOETZ
799 2319 825 2360 J
828 2320 1011 2368 enensis,
1031 2319 1313 2361 HENRICUS
1335 2319 1550 2362 JORDAN
1579 2327 1595 2368 1-

120 2399 471 2452 Regimontanus,
505 2401 824 2443 LUDOVICUS
846 2402 1036 2443 HAVET
1060 2401 1293 2452 Parisinus,
1326 2401 1599 2444 ROBINSON

120 2480 281 2522 ELLIS
324 2480 591 2533 Oxoniensis,
644 2482 687 2525 C.
740 2483 797 2524 M.
841 2483 1067 2525 ZANDER
1106 2484 1361 2533 mindensis,
1410 2485 1598 2526 FERDI-

120 2562 344 2605 NANDUS
378 2564 566 2605 MENTZ
594 2565 803 2607 Jenensis.

210 2645 405 2698 Denique
448 2647 778 2699 explicationem
826 2651 1024 2689 notarum
1068 2647 1399 2689 Tironianarum
1443 2649 1598 2690 codicis

121 2726 318 2767 Vossiani
359 2728 453 2769 116.
489 2729 807 2771 HERMANNO
840 2730 1037 2771 HAGEN
1071 2730 1292 2780 Beruensi,
1327 2731 1598 2772 collationem

122 2808 277 2849 codicis
314 2809 496 2850 Parisini
534 2810 578 2850 in
616 2811 832 2863 Melanges
871 2812 1015 2854 Graux
1052 2825 1093 2864 p.
1133 2812 1232 2852 669.
1277 2814 1598 2855 commemorati
