2072 3222
368 133 389 141 ,-

342 134 353 172 l
371 138 421 174 10
483 147 539 176 Qu,
560 146 609 170 1x.
633 144 675 170 115.
756 139 876 173 FEsri
892 146 1047 174 FRAGM.
1064 148 1090 174 E
1108 146 1199 173 con.
1215 147 1338 173 FARN.
1354 147 1391 173 L.
1409 146 1499 173 xm.
1656 145 1687 169 P.
1712 144 1760 169 166
1779 146 1822 169 m.

335 962 368 986 lo

336 1350 369 1375 15

336 1729 371 1753 20

334 2116 371 2143 25

338 2494 373 2519 30

404 263 579 311 ruriam,
629 261 863 311 Samnites,
909 261 1129 308 Lucanos,
1178 262 1289 302 inter
1336 276 1380 302 se
1432 262 1636 310 natinari,
1690 264 1818 314 atque

405 338 613 379 factiones
668 352 800 378 esse.»
958 335 976 392 ΙΙ
1000 337 1165 378 Naccae
1221 338 1503 390 appellantur
1556 338 1683 390 vulgo
1735 338 1816 378 ful-

404 416 542 463 lones,
566 417 613 454 ut
645 415 704 455 ait
737 414 966 464 Curiatius,
1001 414 1117 467 quod
1162 415 1322 461 nanci†
1368 428 1459 455 non
1491 415 1592 462 sint,
1625 413 1669 454 id
1702 414 1820 468 quod

405 493 467 531 est
518 491 683 530 nullius
735 491 856 544 preti.
953 490 1073 531 Idem
1127 491 1259 531 sentit
1311 494 1351 531 et
1404 490 1589 531 Cincius.
1643 490 1819 543 quidam

404 569 542 616 aiunt,
576 568 689 620 quod
722 570 869 608 omnia
902 567 990 608 fere
1016 581 1147 621 opera
1185 581 1235 608 ex
1272 569 1387 617 lana,
1426 580 1532 608 nace
1566 567 1818 614 dicantur.†

405 658 430 685 a
463 643 649 685 Graecis.
745 642 762 699 ΙΙ
786 644 984 686 Naucum
1020 647 1079 685 ait
1113 646 1261 685 Ateius
1294 645 1543 697 Philologus
1588 646 1696 696 poni
1739 657 1818 696 pro

404 722 545 773 nugis.
571 719 760 767 Cincius,
787 720 902 774 quod
924 722 1003 768 in†
1027 721 1118 772 olee
1143 752 1177 760 ..
1203 721 1412 773 uncisque
1447 722 1565 760 intus
1589 720 1653 760 sit.
1674 720 1819 760 Aelius

405 796 513 838 Stilo
529 798 727 838 omnium
742 811 887 837 rerum
902 798 1124 850 putamen.
1161 795 1511 837 Glosematorum
1527 799 1672 837 autem
1688 797 1817 848 scrip-

403 876 530 923 tores,
546 874 672 914 fabae
694 873 817 925 grani
842 874 956 927 quod
975 873 1151 914 haereat
1167 874 1212 913 in
1230 874 1391 914 fabulo.
1411 872 1597 923 Quidam
1621 887 1670 913 ex
1688 871 1817 912 Grae·

403 963 464 997 co,
515 949 631 1003 quod
679 950 732 990 sit
778 953 842 989 ναὶ
889 953 958 991 καὶ
1003 948 1106 1005 οὐχὶ,
1151 950 1291 991 levem
1335 949 1560 990 hominem
1606 948 1818 1001 significa-

402 1027 452 1067 ri.
529 1026 714 1077 Quidam
760 1029 882 1066 nucis
927 1026 1190 1079 iugulandis,
1237 1039 1367 1079 quam
1413 1025 1587 1066 Verrius
1619 1026 1819 1078 iugulan—

406 1103 505 1144 dam
564 1107 699 1151 vocat,
736 1104 928 1144 medium
963 1105 1081 1144 velut
1128 1103 1502 1156 dissepimentum.
1550 1102 1729 1143 Plautus
1774 1102 1819 1141 in

406 1179 601 1220 Parasito
671 1181 819 1233 pigro:
900 1181 1055 1220 «ambo
1131 1193 1291 1232 magna
1365 1179 1494 1220 laude
1557 1179 1680 1229 lauti,
1743 1192 1816 1231 po-

408 1259 567 1297 stremo
620 1256 748 1297 ambo
801 1270 953 1296 sumus
1003 1270 1092 1297 non
1141 1257 1306 1297 nauci.»
1360 1258 1463 1296 item
1511 1256 1554 1295 in
1602 1254 1820 1295 Mostella-

405 1334 469 1374 ria
485 1349 491 1374 :
524 1332 671 1383 «Quod
689 1333 732 1372 id
751 1347 843 1374 esse
863 1332 1003 1374 dicam
1022 1333 1204 1373 verbum
1221 1335 1364 1381 nauci,
1388 1332 1572 1372 nescio.»
1598 1334 1640 1372 et
1656 1334 1700 1371 in
1715 1331 1817 1371 Tru-

407 1411 608 1451 culento:
679 1412 834 1450 «Amas
886 1410 1111 1450 hominem
1164 1422 1255 1450 non
1318 1411 1482 1450 nauci.»
1541 1411 1582 1450 et
1635 1408 1820 1449 Naevius

407 1490 478 1533 etiL
530 1486 575 1526 in
627 1486 926 1526 Tunicularia:
1000 1486 1129 1526 «Eius
1193 1488 1364 1526 noctem
1418 1498 1558 1526 nauco
1623 1484 1812 1525 ducere.»

407 1563 512 1610 sed†
560 1564 754 1604 Ennius:
810 1563 966 1604 «illum
1022 1566 1085 1602 est
1127 1565 1313 1615 nugator
1365 1561 1521 1610 1111111,ηι
1563 1575 1653 1601 11011
1695 1562 1820 1602 nauci

406 1640 576 1680 homo»
646 1637 664 1693 ΙΙ
679 1639 810 1680 Nares
854 1639 1067 1692 appellari
1111 1640 1280 1691 putant,
1329 1638 1443 1691 quod
1475 1652 1552 1692 per
1585 1651 1636 1678 ea
1667 1640 1818 1678 nasci†

406 1717 623 1757 foramina
677 1716 819 1756 odoris
873 1716 1081 1769 cuiusque
1135 1718 1232 1756 nari
1284 1716 1441 1756 fiamus
1456 1722 1485 1756 4.
1593 1713 1611 1770 ΙΙ
1634 1715 1820 1757 Narica†

407 1795 468 1833 est
501 1806 638 1846 genus
671 1793 801 1846 piscis
835 1794 1006 1833 minuti.
1071 1792 1276 1834 Plautus:
1329 1793 1627 1834 «Muriaticam
1671 1795 1818 1832 autem
1853 1779 1857 1782 ¹

407 1868 532 1910 video
566 1869 611 1908 in
646 1869 759 1909 vasis
793 1870 992 1921 stagneis,
1038 1870 1259 1915 naricam†
1304 1869 1467 1910 bonam
1521 1871 1561 1909 et
1613 1870 1819 1909 canutam

409 1949 449 1986 et
522 1948 699 1998 taguma
775 1946 963 1998 quinas†
1038 1947 1185 1994 fartas,
1262 1946 1446 1987 conchas
1520 1945 1812 1999 piscinarias.»

409 2019 688 2076 ΙΙ1Ν11111611301Ὓ,ἱ
734 2024 779 2062 111
823 2021 919 2063 XII.
964 2025 1117 2063 nactus
1162 2023 1253 2072 erit,
1298 2035 1464 2075 praeno
1509 2023 1631 2069 611151.
1709 2023 1819 2062 Item

405 2100 451 2138 in
504 2098 673 2139 foedere
726 2098 904 2139 Latino:
978 2099 1230 2152 «pecuniam
1283 2099 1378 2152 quis
1430 2100 1639 2146 nancitor,
1691 2099 1818 2139 habe-

409 2178 477 2215 to»
532 2177 595 2215 et:
650 2177 709 2215 «si
757 2176 859 2229 quid
907 2178 1100 2229 pignoris
1144 2177 1400 2218 nasciscitur
1426 2182 1456 2224 †,
1503 2176 1584 2217 sibi
1616 2175 1814 2216 habeto.»

409 2249 427 2305 ΙΙ
450 2251 562 2291 Nare
615 2265 640 2291 a
691 2265 801 2292 nave
855 2252 1031 2292 ductum
1085 2251 1339 2292 Cornificius
1391 2252 1462 2301 ait,
1528 2251 1643 2305 quod
1706 2264 1819 2304 aqua

409 2328 570 2367 feratur
614 2330 785 2375 natans,
832 2330 879 2368 ut
922 2330 1026 2368 avis.
1071 2328 1243 2368 Ennius
1288 2328 1334 2369 L.
1370 2328 1488 2368 VIL:
1542 2329 1670 2369 «alter
1713 2340 1819 2367 nare

410 2405 539 2456 cupit,
603 2405 709 2445 alter
776 2418 968 2457 pugnare
1031 2404 1273 2458 pa1·at’.t.†»
1341 2405 1520 2445 Plautus
1572 2407 1617 2444 in
1670 2404 1815 2444 Alula—

406 2481 545 2521 1·ias†:
614 2481 770 2531 «Quasi
821 2482 959 2534 pueri,
1012 2481 1085 2534 qui
1147 2495 1250 2522 nare
1303 2482 1487 2531 discunt,
1540 2482 1705 2534 scirpea
1755 2481 1817 2521 in-

411 2556 556 2598 duitur
616 2557 758 2598 ratis.»
826 2560 974 2598 natare
1036 2558 1165 2610 igitur
1227 2560 1302 2604 est,
1367 2559 1537 2611 saepius
1599 2570 1716 2605 nare,
1770 2559 1818 2596 ut

411 2632 618 2681 dictitare,
702 2634 911 2674 factitare.
1092 2631 1110 2689 Η
1133 2634 1293 2684 Navus,
1376 2635 1499 2683 celer,
1583 2647 1631 2674 ac
1713 2635 1815 2673 stre—

411 2723 537 2760 nuus,
600 2724 624 2750 a
698 2712 874 2751 navium
949 2711 1171 2751 velocitate
1246 2711 1413 2752 videtur
1486 2710 1637 2750 dictus.
1729 2709 1816 2749 En-
