<?xml version="1.0" encoding="UTF-8"?>
<!DOCTYPE html PUBLIC "-//W3C//DTD XHTML 1.0 Transitional//EN"
    "http://www.w3.org/TR/xhtml1/DTD/xhtml1-transitional.dtd">
<html xmlns="http://www.w3.org/1999/xhtml" xml:lang="en" lang="en">
 <head>
  <title>
</title>
<meta http-equiv="Content-Type" content="text/html;charset=utf-8" />
  <meta name='ocr-system' content='tesseract 3.04.00' />
  <meta name='ocr-capabilities' content='ocr_page ocr_carea ocr_par ocr_line ocrx_word'/>
</head>
<body>
  <div class='ocr_page' id='page_1' title='image "./deverborumsignif00festuoft_0494.png"; bbox 0 0 2072 3222; ppageno 0'>
   <div class='ocr_carea' id='block_1_1' title="bbox 312 144 1802 187">
    <p class='ocr_par' dir='ltr' id='par_1_1' title="bbox 312 144 1802 187">
     <span class='ocr_line' id='line_1_1' title="bbox 312 144 1802 187; baseline -0.002 -2"><span class='ocrx_word' id='word_1_1' title='bbox 312 144 401 186; x_wconf 79' lang='lat'>476</span> <span class='ocrx_word' id='word_1_2' title='bbox 463 157 521 187; x_wconf 78' lang='lat' dir='ltr'>QU-</span> <span class='ocrx_word' id='word_1_3' title='bbox 538 157 613 182; x_wconf 71' lang='lat' dir='ltr'>nv.</span> <span class='ocrx_word' id='word_1_4' title='bbox 627 155 671 182; x_wconf 67' lang='lat'>29.</span> <span class='ocrx_word' id='word_1_5' title='bbox 734 157 857 185; x_wconf 72' lang='lat' dir='ltr'>FEsTI</span> <span class='ocrx_word' id='word_1_6' title='bbox 870 157 1027 186; x_wconf 82' lang='lat' dir='ltr'><strong>FRAGM.</strong></span> <span class='ocrx_word' id='word_1_7' title='bbox 1043 158 1070 186; x_wconf 81' lang='lat' dir='ltr'><strong>E</strong></span> <span class='ocrx_word' id='word_1_8' title='bbox 1090 157 1182 186; x_wconf 80' lang='lat' dir='ltr'>con.</span> <span class='ocrx_word' id='word_1_9' title='bbox 1198 157 1321 185; x_wconf 81' lang='lat' dir='ltr'>FARN.</span> <span class='ocrx_word' id='word_1_10' title='bbox 1338 157 1376 186; x_wconf 86' lang='lat' dir='ltr'>L.</span> <span class='ocrx_word' id='word_1_11' title='bbox 1391 157 1509 185; x_wconf 78' lang='lat' dir='ltr'>xv111.</span> <span class='ocrx_word' id='word_1_12' title='bbox 1635 156 1667 181; x_wconf 88' lang='lat' dir='ltr'>P.</span> <span class='ocrx_word' id='word_1_13' title='bbox 1687 153 1740 180; x_wconf 68' lang='lat'>325</span> <span class='ocrx_word' id='word_1_14' title='bbox 1763 155 1802 183; x_wconf 79' lang='lat' dir='ltr'>M.</span> 
     </span>
    </p>
   </div>
   <div class='ocr_carea' id='block_1_2' title="bbox 318 975 355 1000">
    <p class='ocr_par' dir='ltr' id='par_1_2' title="bbox 318 975 355 1000">
     <span class='ocr_line' id='line_1_2' title="bbox 318 975 355 1000; baseline 0 0"><span class='ocrx_word' id='word_1_15' title='bbox 318 975 355 1000; x_wconf 88' lang='grc'>10</span> 
     </span>
    </p>
   </div>
   <div class='ocr_carea' id='block_1_3' title="bbox 318 1359 354 1386">
    <p class='ocr_par' dir='ltr' id='par_1_3' title="bbox 318 1359 354 1386">
     <span class='ocr_line' id='line_1_3' title="bbox 318 1359 354 1386; baseline -0.028 0"><span class='ocrx_word' id='word_1_16' title='bbox 318 1359 354 1386; x_wconf 85' lang='lat'>15</span> 
     </span>
    </p>
   </div>
   <div class='ocr_carea' id='block_1_4' title="bbox 319 1741 356 1766">
    <p class='ocr_par' dir='ltr' id='par_1_4' title="bbox 319 1741 356 1766">
     <span class='ocr_line' id='line_1_4' title="bbox 319 1741 356 1766; baseline 0 0"><span class='ocrx_word' id='word_1_17' title='bbox 319 1741 356 1766; x_wconf 83' lang='lat'>20</span> 
     </span>
    </p>
   </div>
   <div class='ocr_carea' id='block_1_5' title="bbox 319 2124 355 2149">
    <p class='ocr_par' dir='ltr' id='par_1_5' title="bbox 319 2124 355 2149">
     <span class='ocr_line' id='line_1_5' title="bbox 319 2124 355 2149; baseline 0.028 -1"><span class='ocrx_word' id='word_1_18' title='bbox 319 2124 355 2149; x_wconf 77' lang='lat'>25</span> 
     </span>
    </p>
   </div>
   <div class='ocr_carea' id='block_1_6' title="bbox 318 2504 358 2529">
    <p class='ocr_par' dir='ltr' id='par_1_6' title="bbox 318 2504 358 2529">
     <span class='ocr_line' id='line_1_6' title="bbox 318 2504 358 2529; baseline 0 0"><span class='ocrx_word' id='word_1_19' title='bbox 318 2504 358 2529; x_wconf 81' lang='lat'>80</span> 
     </span>
    </p>
   </div>
   <div class='ocr_carea' id='block_1_7' title="bbox 528 271 1665 1397">
    <p class='ocr_par' dir='ltr' id='par_1_7' title="bbox 528 271 1665 1397">
     <span class='ocr_line' id='line_1_7' title="bbox 529 271 1663 326; baseline 0 -12"><span class='ocrx_word' id='word_1_20' title='bbox 529 273 634 326; x_wconf 85' lang='lat' dir='ltr'>pita,</span> <span class='ocrx_word' id='word_1_21' title='bbox 685 271 802 326; x_wconf 89' lang='lat' dir='ltr'>quod</span> <span class='ocrx_word' id='word_1_22' title='bbox 852 273 903 322; x_wconf 78' lang='lat' dir='ltr'>is,</span> <span class='ocrx_word' id='word_1_23' title='bbox 956 285 1055 314; x_wconf 93' lang='lat' dir='ltr'>cum</span> <span class='ocrx_word' id='word_1_24' title='bbox 1108 286 1201 314; x_wconf 87' lang='lat' dir='ltr'>rem</span> <span class='ocrx_word' id='word_1_25' title='bbox 1254 272 1448 314; x_wconf 82' lang='lat' dir='ltr'>divinam</span> <span class='ocrx_word' id='word_1_26' title='bbox 1500 273 1663 314; x_wconf 82' lang='lat' dir='ltr'>faceret</span> 
     </span>
     <span class='ocr_line' id='line_1_8' title="bbox 529 347 1662 402; baseline 0.001 -13"><span class='ocrx_word' id='word_1_27' title='bbox 529 350 576 389; x_wconf 87' lang='lat' dir='ltr'>in</span> <span class='ocrx_word' id='word_1_28' title='bbox 660 348 784 390; x_wconf 89' lang='lat' dir='ltr'>litore</span> <span class='ocrx_word' id='word_1_29' title='bbox 870 348 1103 390; x_wconf 86' lang='lat' dir='ltr'>Laurentis</span> <span class='ocrx_word' id='word_1_30' title='bbox 1178 347 1270 402; x_wconf 83' lang='lat' dir='ltr'>agri</span> <span class='ocrx_word' id='word_1_31' title='bbox 1342 348 1503 390; x_wconf 86' lang='lat' dir='ltr'>Veneri</span> <span class='ocrx_word' id='word_1_32' title='bbox 1574 362 1662 390; x_wconf 79' lang='lat' dir='ltr'>ma-</span> 
     </span>
     <span class='ocr_line' id='line_1_9' title="bbox 528 424 1660 479; baseline 0 -14"><span class='ocrx_word' id='word_1_33' title='bbox 528 427 597 475; x_wconf 85' lang='lat' dir='ltr'>tri,</span> <span class='ocrx_word' id='word_1_34' title='bbox 664 439 720 467; x_wconf 92' lang='lat' dir='ltr'>ne</span> <span class='ocrx_word' id='word_1_35' title='bbox 807 425 979 466; x_wconf 81' lang='lat' dir='ltr'>abulixe</span> <span class='ocrx_word' id='word_1_36' title='bbox 1013 431 1031 473; x_wconf 86' lang='lat'>†</span> <span class='ocrx_word' id='word_1_37' title='bbox 1080 424 1279 479; x_wconf 87' lang='lat' dir='ltr'>cognitus</span> <span class='ocrx_word' id='word_1_38' title='bbox 1373 424 1660 478; x_wconf 86' lang='lat' dir='ltr'>interrumpe-</span> 
     </span>
     <span class='ocr_line' id='line_1_10' title="bbox 528 501 1663 556; baseline 0 -14"><span class='ocrx_word' id='word_1_39' title='bbox 528 502 594 542; x_wconf 89' lang='lat' dir='ltr'>ret</span> <span class='ocrx_word' id='word_1_40' title='bbox 734 501 1006 552; x_wconf 81' lang='lat' dir='ltr'>sacrificium,</span> <span class='ocrx_word' id='word_1_41' title='bbox 1150 505 1280 556; x_wconf 90' lang='lat' dir='ltr'>caput</span> <span class='ocrx_word' id='word_1_42' title='bbox 1420 501 1663 555; x_wconf 86' lang='lat' dir='ltr'>adoperuit,</span> 
     </span>
     <span class='ocr_line' id='line_1_11' title="bbox 529 578 1660 632; baseline 0 -14"><span class='ocrx_word' id='word_1_43' title='bbox 529 579 653 631; x_wconf 86' lang='lat' dir='ltr'>atque</span> <span class='ocrx_word' id='word_1_44' title='bbox 734 578 795 619; x_wconf 89' lang='lat' dir='ltr'>ita</span> <span class='ocrx_word' id='word_1_45' title='bbox 877 581 1161 632; x_wconf 88' lang='lat' dir='ltr'>conspectum</span> <span class='ocrx_word' id='word_1_46' title='bbox 1252 578 1390 620; x_wconf 89' lang='lat' dir='ltr'>hostis</span> <span class='ocrx_word' id='word_1_47' title='bbox 1474 579 1660 620; x_wconf 72' lang='lat' dir='ltr'>evitavit.</span> 
     </span>
     <span class='ocr_line' id='line_1_12' title="bbox 531 650 1661 709; baseline -0.001 -14"><span class='ocrx_word' id='word_1_48' title='bbox 531 650 550 709; x_wconf 88' lang='grc' dir='ltr'>ΙΙ</span> <span class='ocrx_word' id='word_1_49' title='bbox 573 653 761 696; x_wconf 84' lang='lat' dir='ltr'>Saturno</span> <span class='ocrx_word' id='word_1_50' title='bbox 837 652 928 696; x_wconf 87' lang='lat' dir='ltr'>dies</span> <span class='ocrx_word' id='word_1_51' title='bbox 1004 654 1141 696; x_wconf 86' lang='lat' dir='ltr'>festus</span> <span class='ocrx_word' id='word_1_52' title='bbox 1220 654 1465 696; x_wconf 86' lang='lat' dir='ltr'>celebratur</span> <span class='ocrx_word' id='word_1_53' title='bbox 1541 667 1661 696; x_wconf 90' lang='lat' dir='ltr'>men-</span> 
     </span>
     <span class='ocr_line' id='line_1_13' title="bbox 529 730 1662 784; baseline 0.001 -14"><span class='ocrx_word' id='word_1_54' title='bbox 529 743 573 770; x_wconf 90' lang='lat' dir='ltr'>se</span> <span class='ocrx_word' id='word_1_55' title='bbox 636 730 890 779; x_wconf 79' lang='lat' dir='ltr'>Decembre,</span> <span class='ocrx_word' id='word_1_56' title='bbox 961 730 1078 784; x_wconf 82' lang='lat' dir='ltr'>quod</span> <span class='ocrx_word' id='word_1_57' title='bbox 1146 744 1195 772; x_wconf 91' lang='lat' dir='ltr'>eo</span> <span class='ocrx_word' id='word_1_58' title='bbox 1258 731 1360 772; x_wconf 78' lang='lat' dir='ltr'>aedis</span> <span class='ocrx_word' id='word_1_59' title='bbox 1422 732 1485 772; x_wconf 88' lang='lat' dir='ltr'>est</span> <span class='ocrx_word' id='word_1_60' title='bbox 1547 730 1662 772; x_wconf 87' lang='lat' dir='ltr'>dedi-</span> 
     </span>
     <span class='ocr_line' id='line_1_14' title="bbox 531 807 1662 861; baseline 0 -13"><span class='ocrx_word' id='word_1_61' title='bbox 531 809 627 848; x_wconf 89' lang='lat' dir='ltr'>cata</span> <span class='ocrx_word' id='word_1_62' title='bbox 643 822 651 847; x_wconf 91' lang='lat'>:</span> <span class='ocrx_word' id='word_1_63' title='bbox 737 809 777 848; x_wconf 87' lang='lat' dir='ltr'>et</span> <span class='ocrx_word' id='word_1_64' title='bbox 857 808 893 847; x_wconf 88' lang='lat' dir='ltr'>is</span> <span class='ocrx_word' id='word_1_65' title='bbox 985 807 1165 849; x_wconf 81' lang='lat' dir='ltr'>culturae</span> <span class='ocrx_word' id='word_1_66' title='bbox 1259 821 1463 861; x_wconf 82' lang='lat' dir='ltr'>agrorum</span> <span class='ocrx_word' id='word_1_67' title='bbox 1555 821 1662 860; x_wconf 81' lang='lat' dir='ltr'>prae-</span> 
     </span>
     <span class='ocr_line' id='line_1_15' title="bbox 530 882 1665 938; baseline 0 -14"><span class='ocrx_word' id='word_1_68' title='bbox 530 882 669 925; x_wconf 85' lang='lat' dir='ltr'>sidere</span> <span class='ocrx_word' id='word_1_69' title='bbox 762 883 946 934; x_wconf 85' lang='lat' dir='ltr'>videtur,</span> <span class='ocrx_word' id='word_1_70' title='bbox 1039 897 1124 938; x_wconf 89' lang='lat' dir='ltr'>quo</span> <span class='ocrx_word' id='word_1_71' title='bbox 1218 886 1349 925; x_wconf 89' lang='lat' dir='ltr'>etiam</span> <span class='ocrx_word' id='word_1_72' title='bbox 1432 883 1520 925; x_wconf 73' lang='lat' dir='ltr'>falx</span> <span class='ocrx_word' id='word_1_73' title='bbox 1602 886 1665 924; x_wconf 82' lang='lat' dir='ltr'>est</span> 
     </span>
     <span class='ocr_line' id='line_1_16' title="bbox 530 960 1663 1015; baseline 0 -14"><span class='ocrx_word' id='word_1_74' title='bbox 530 963 607 1007; x_wconf 85' lang='lat' dir='ltr'>et†</span> <span class='ocrx_word' id='word_1_75' title='bbox 688 960 875 1014; x_wconf 82' lang='lat' dir='ltr'>insigne.</span> <span class='ocrx_word' id='word_1_76' title='bbox 949 975 1098 1003; x_wconf 85' lang='lat' dir='ltr'>versus</span> <span class='ocrx_word' id='word_1_77' title='bbox 1173 975 1343 1015; x_wconf 88' lang='lat' dir='ltr'>quoque</span> <span class='ocrx_word' id='word_1_78' title='bbox 1417 962 1663 1014; x_wconf 86' lang='lat' dir='ltr'>antiquissi-</span> 
     </span>
     <span class='ocr_line' id='line_1_17' title="bbox 530 1036 1661 1090; baseline 0.001 -13"><span class='ocrx_word' id='word_1_79' title='bbox 530 1038 603 1086; x_wconf 76' lang='lat' dir='ltr'>mi,</span> <span class='ocrx_word' id='word_1_80' title='bbox 669 1037 828 1090; x_wconf 89' lang='lat' dir='ltr'>quibus</span> <span class='ocrx_word' id='word_1_81' title='bbox 902 1038 1081 1078; x_wconf 82' lang='lat' dir='ltr'>Faunus</span> <span class='ocrx_word' id='word_1_82' title='bbox 1155 1038 1245 1079; x_wconf 82' lang='lat' dir='ltr'>fata</span> <span class='ocrx_word' id='word_1_83' title='bbox 1318 1036 1525 1078; x_wconf 78' lang='lat' dir='ltr'>cecinisse</span> <span class='ocrx_word' id='word_1_84' title='bbox 1588 1037 1661 1078; x_wconf 89' lang='lat' dir='ltr'>ho-</span> 
     </span>
     <span class='ocr_line' id='line_1_18' title="bbox 531 1113 1661 1168; baseline 0.001 -14"><span class='ocrx_word' id='word_1_85' title='bbox 531 1113 722 1155; x_wconf 88' lang='lat' dir='ltr'>minibus</span> <span class='ocrx_word' id='word_1_86' title='bbox 863 1114 1046 1162; x_wconf 82' lang='lat' dir='ltr'>videtur,</span> <span class='ocrx_word' id='word_1_87' title='bbox 1186 1113 1378 1155; x_wconf 80' lang='lat' dir='ltr'>Saturnii</span> <span class='ocrx_word' id='word_1_88' title='bbox 1514 1114 1661 1168; x_wconf 87' lang='lat' dir='ltr'>appel-</span> 
     </span>
     <span class='ocr_line' id='line_1_19' title="bbox 530 1189 1663 1244; baseline 0 -13"><span class='ocrx_word' id='word_1_89' title='bbox 530 1190 692 1232; x_wconf 88' lang='lat' dir='ltr'>lantur.</span> <span class='ocrx_word' id='word_1_90' title='bbox 785 1190 944 1244; x_wconf 86' lang='lat' dir='ltr'>quibus</span> <span class='ocrx_word' id='word_1_91' title='bbox 1029 1193 1070 1231; x_wconf 85' lang='lat' dir='ltr'>et</span> <span class='ocrx_word' id='word_1_92' title='bbox 1153 1204 1175 1230; x_wconf 81' lang='lat' dir='ltr'>a</span> <span class='ocrx_word' id='word_1_93' title='bbox 1258 1189 1405 1232; x_wconf 76' lang='lat' dir='ltr'>Naevio</span> <span class='ocrx_word' id='word_1_94' title='bbox 1497 1190 1663 1231; x_wconf 90' lang='lat' dir='ltr'>bellum</span> 
     </span>
     <span class='ocr_line' id='line_1_20' title="bbox 529 1266 1662 1320; baseline -0.001 -12"><span class='ocrx_word' id='word_1_95' title='bbox 529 1267 745 1308; x_wconf 90' lang='lat' dir='ltr'>Punicum</span> <span class='ocrx_word' id='word_1_96' title='bbox 799 1269 1010 1320; x_wconf 88' lang='lat' dir='ltr'>scriptum</span> <span class='ocrx_word' id='word_1_97' title='bbox 1065 1270 1139 1316; x_wconf 90' lang='lat' dir='ltr'>est,</span> <span class='ocrx_word' id='word_1_98' title='bbox 1194 1270 1235 1307; x_wconf 89' lang='lat' dir='ltr'>et</span> <span class='ocrx_word' id='word_1_99' title='bbox 1288 1280 1313 1307; x_wconf 85' lang='lat' dir='ltr'>a</span> <span class='ocrx_word' id='word_1_100' title='bbox 1365 1266 1515 1308; x_wconf 91' lang='lat' dir='ltr'>multis</span> <span class='ocrx_word' id='word_1_101' title='bbox 1568 1267 1662 1308; x_wconf 86' lang='lat' dir='ltr'>aliis</span> 
     </span>
     <span class='ocr_line' id='line_1_21' title="bbox 530 1342 1661 1397; baseline -0.001 -13"><span class='ocrx_word' id='word_1_102' title='bbox 530 1345 657 1397; x_wconf 85' lang='lat' dir='ltr'>plura</span> <span class='ocrx_word' id='word_1_103' title='bbox 709 1344 953 1397; x_wconf 87' lang='lat' dir='ltr'>composita</span> <span class='ocrx_word' id='word_1_104' title='bbox 1002 1346 1116 1385; x_wconf 89' lang='lat' dir='ltr'>sunt.</span> <span class='ocrx_word' id='word_1_105' title='bbox 1166 1344 1238 1396; x_wconf 88' lang='lat' dir='ltr'>qui</span> <span class='ocrx_word' id='word_1_106' title='bbox 1288 1342 1393 1384; x_wconf 83' lang='lat' dir='ltr'>deus</span> <span class='ocrx_word' id='word_1_107' title='bbox 1439 1344 1486 1383; x_wconf 92' lang='lat' dir='ltr'>in</span> <span class='ocrx_word' id='word_1_108' title='bbox 1534 1343 1661 1384; x_wconf 89' lang='lat' dir='ltr'>salia-</span> 
     </span>
    </p>
   </div>
   <div class='ocr_carea' id='block_1_8' title="bbox 530 1418 1661 1625">
    <p class='ocr_par' dir='ltr' id='par_1_8' title="bbox 530 1418 1661 1625">
     <span class='ocr_line' id='line_1_22' title="bbox 530 1418 1660 1469; baseline -0.002 -8"><span class='ocrx_word' id='word_1_109' title='bbox 530 1420 648 1461; x_wconf 82' lang='lat' dir='ltr'>ribus</span> <span class='ocrx_word' id='word_1_110' title='bbox 770 1419 986 1461; x_wconf 83' lang='lat' dir='ltr'>Saturnus</span> <span class='ocrx_word' id='word_1_111' title='bbox 1001 1426 1018 1467; x_wconf 78' lang='lat'>†</span> <span class='ocrx_word' id='word_1_112' title='bbox 1152 1420 1423 1469; x_wconf 84' lang='lat' dir='ltr'>nominatur,</span> <span class='ocrx_word' id='word_1_113' title='bbox 1546 1418 1660 1461; x_wconf 80' lang='lat' dir='ltr'>vide-</span> 
     </span>
     <span class='ocr_line' id='line_1_23' title="bbox 531 1493 1660 1551; baseline -0.001 -14"><span class='ocrx_word' id='word_1_114' title='bbox 531 1496 630 1537; x_wconf 89' lang='lat' dir='ltr'>licet</span> <span class='ocrx_word' id='word_1_115' title='bbox 692 1510 715 1537; x_wconf 89' lang='lat' dir='ltr'>a</span> <span class='ocrx_word' id='word_1_116' title='bbox 777 1495 1037 1537; x_wconf 76' lang='lat' dir='ltr'>sationibus.</span> <span class='ocrx_word' id='word_1_117' title='bbox 1160 1493 1177 1551; x_wconf 84' lang='grc' dir='ltr'>ΙΙ</span> <span class='ocrx_word' id='word_1_118' title='bbox 1202 1495 1281 1537; x_wconf 85' lang='lat' dir='ltr'>Sas</span> <span class='ocrx_word' id='word_1_119' title='bbox 1343 1495 1521 1537; x_wconf 71' lang='lat' dir='ltr'>Verrius</span> <span class='ocrx_word' id='word_1_120' title='bbox 1582 1510 1660 1550; x_wconf 95' lang='lat' dir='ltr'>pu-</span> 
     </span>
     <span class='ocr_line' id='line_1_24' title="bbox 530 1571 1661 1625; baseline -0.001 -12"><span class='ocrx_word' id='word_1_121' title='bbox 530 1576 594 1614; x_wconf 84' lang='lat' dir='ltr'>tat</span> <span class='ocrx_word' id='word_1_122' title='bbox 706 1572 950 1625; x_wconf 82' lang='lat' dir='ltr'>significare</span> <span class='ocrx_word' id='word_1_123' title='bbox 1065 1586 1151 1622; x_wconf 90' lang='lat' dir='ltr'>eas,</span> <span class='ocrx_word' id='word_1_124' title='bbox 1272 1573 1380 1613; x_wconf 91' lang='lat' dir='ltr'>teste</span> <span class='ocrx_word' id='word_1_125' title='bbox 1500 1571 1661 1622; x_wconf 81' lang='lat' dir='ltr'>Ennio,</span> 
     </span>
    </p>
   </div>
   <div class='ocr_carea' id='block_1_9' title="bbox 531 1648 1662 2834">
    <p class='ocr_par' dir='ltr' id='par_1_9' title="bbox 531 1648 1662 2834">
     <span class='ocr_line' id='line_1_25' title="bbox 532 1648 1662 1702; baseline 0 -13"><span class='ocrx_word' id='word_1_126' title='bbox 532 1651 604 1702; x_wconf 88' lang='lat' dir='ltr'>qui</span> <span class='ocrx_word' id='word_1_127' title='bbox 667 1648 781 1690; x_wconf 85' lang='lat' dir='ltr'>dicat</span> <span class='ocrx_word' id='word_1_128' title='bbox 842 1649 887 1689; x_wconf 91' lang='lat' dir='ltr'>in</span> <span class='ocrx_word' id='word_1_129' title='bbox 940 1650 1059 1691; x_wconf 80' lang='lat'>1.1.:</span> <span class='ocrx_word' id='word_1_130' title='bbox 1128 1649 1352 1702; x_wconf 78' lang='lat' dir='ltr'>«Virgines</span> <span class='ocrx_word' id='word_1_131' title='bbox 1414 1661 1519 1689; x_wconf 87' lang='lat' dir='ltr'>nam</span> <span class='ocrx_word' id='word_1_132' title='bbox 1583 1648 1662 1689; x_wconf 86' lang='lat' dir='ltr'>sibi</span> 
     </span>
     <span class='ocr_line' id='line_1_26' title="bbox 532 1725 1657 1779; baseline 0 -13"><span class='ocrx_word' id='word_1_133' title='bbox 532 1726 716 1779; x_wconf 88' lang='lat' dir='ltr'>quisque</span> <span class='ocrx_word' id='word_1_134' title='bbox 796 1725 915 1767; x_wconf 88' lang='lat' dir='ltr'>domi</span> <span class='ocrx_word' id='word_1_135' title='bbox 1005 1726 1233 1766; x_wconf 84' lang='lat' dir='ltr'>Romanus</span> <span class='ocrx_word' id='word_1_136' title='bbox 1325 1725 1456 1767; x_wconf 88' lang='lat' dir='ltr'>habet</span> <span class='ocrx_word' id='word_1_137' title='bbox 1548 1738 1657 1767; x_wconf 86' lang='lat' dir='ltr'>sas.»</span> 
     </span>
     <span class='ocr_line' id='line_1_27' title="bbox 532 1801 1660 1855; baseline -0.001 -12"><span class='ocrx_word' id='word_1_138' title='bbox 532 1815 630 1843; x_wconf 88' lang='lat' dir='ltr'>cum</span> <span class='ocrx_word' id='word_1_139' title='bbox 738 1815 838 1843; x_wconf 87' lang='lat' dir='ltr'>suas</span> <span class='ocrx_word' id='word_1_140' title='bbox 950 1803 1086 1855; x_wconf 81' lang='lat' dir='ltr'>magis</span> <span class='ocrx_word' id='word_1_141' title='bbox 1199 1801 1398 1843; x_wconf 78' lang='lat' dir='ltr'>videatur</span> <span class='ocrx_word' id='word_1_142' title='bbox 1502 1801 1660 1854; x_wconf 84' lang='lat' dir='ltr'>signifi-</span> 
     </span>
     <span class='ocr_line' id='line_1_28' title="bbox 532 1877 1660 1925; baseline -0.002 -5"><span class='ocrx_word' id='word_1_143' title='bbox 532 1892 641 1920; x_wconf 82' lang='lat' dir='ltr'>care.</span> <span class='ocrx_word' id='word_1_144' title='bbox 724 1879 883 1925; x_wconf 76' lang='lat' dir='ltr'>sicuti†</span> <span class='ocrx_word' id='word_1_145' title='bbox 980 1878 1175 1919; x_wconf 85' lang='lat' dir='ltr'>eiusdem</span> <span class='ocrx_word' id='word_1_146' title='bbox 1267 1878 1295 1919; x_wconf 94' lang='grc'>1.</span> <span class='ocrx_word' id='word_1_147' title='bbox 1346 1877 1442 1919; x_wconf 83' lang='lat' dir='ltr'>VH.</span> <span class='ocrx_word' id='word_1_148' title='bbox 1525 1878 1660 1919; x_wconf 82' lang='lat' dir='ltr'>faten-</span> 
     </span>
     <span class='ocr_line' id='line_1_29' title="bbox 532 1954 1658 2008; baseline 0.001 -13"><span class='ocrx_word' id='word_1_149' title='bbox 532 1954 634 1995; x_wconf 85' lang='lat' dir='ltr'>dum</span> <span class='ocrx_word' id='word_1_150' title='bbox 719 1957 783 1995; x_wconf 89' lang='lat' dir='ltr'>est</span> <span class='ocrx_word' id='word_1_151' title='bbox 865 1968 961 1996; x_wconf 88' lang='lat' dir='ltr'>eam</span> <span class='ocrx_word' id='word_1_152' title='bbox 1043 1954 1292 2008; x_wconf 87' lang='lat' dir='ltr'>significari,</span> <span class='ocrx_word' id='word_1_153' title='bbox 1384 1968 1483 1995; x_wconf 91' lang='lat' dir='ltr'>cum</span> <span class='ocrx_word' id='word_1_154' title='bbox 1577 1955 1658 1996; x_wconf 90' lang='lat' dir='ltr'>ait:</span> 
     </span>
     <span class='ocr_line' id='line_1_30' title="bbox 537 2030 1660 2085; baseline -0.001 -13"><span class='ocrx_word' id='word_1_155' title='bbox 537 2047 550 2068; x_wconf 88' lang='lat'>«</span> <span class='ocrx_word' id='word_1_156' title='bbox 561 2031 646 2072; x_wconf 86' lang='lat' dir='ltr'>Nec</span> <span class='ocrx_word' id='word_1_157' title='bbox 700 2032 929 2085; x_wconf 86' lang='lat' dir='ltr'>quisquam</span> <span class='ocrx_word' id='word_1_158' title='bbox 991 2030 1316 2085; x_wconf 77' lang='lat' dir='ltr'>philosophiam</span> <span class='ocrx_word' id='word_1_159' title='bbox 1330 2036 1360 2080; x_wconf 83' lang='lat'>†,</span> <span class='ocrx_word' id='word_1_160' title='bbox 1415 2045 1508 2084; x_wconf 66' lang='lat' dir='ltr'>qua}</span> <span class='ocrx_word' id='word_1_161' title='bbox 1562 2031 1660 2072; x_wconf 89' lang='lat' dir='ltr'>doc-</span> 
     </span>
     <span class='ocr_line' id='line_1_31' title="bbox 532 2107 1660 2160; baseline 0 -12"><span class='ocrx_word' id='word_1_162' title='bbox 532 2107 645 2149; x_wconf 87' lang='lat' dir='ltr'>trina</span> <span class='ocrx_word' id='word_1_163' title='bbox 766 2107 903 2148; x_wconf 84' lang='lat' dir='ltr'>latina</span> <span class='ocrx_word' id='word_1_164' title='bbox 1014 2107 1166 2160; x_wconf 83' lang='lat' dir='ltr'>lingua</span> <span class='ocrx_word' id='word_1_165' title='bbox 1276 2120 1365 2148; x_wconf 93' lang='lat' dir='ltr'>non</span> <span class='ocrx_word' id='word_1_166' title='bbox 1476 2107 1608 2148; x_wconf 87' lang='lat' dir='ltr'>habet</span> <span class='ocrx_word' id='word_1_167' title='bbox 1626 2113 1660 2154; x_wconf 67' lang='lat'>†‚</span> 
     </span>
     <span class='ocr_line' id='line_1_32' title="bbox 532 2183 1661 2238; baseline -0.001 -14"><span class='ocrx_word' id='word_1_168' title='bbox 532 2183 748 2238; x_wconf 77' lang='lat' dir='ltr'>sapientia</span> <span class='ocrx_word' id='word_1_169' title='bbox 844 2197 937 2237; x_wconf 63' lang='lat' dir='ltr'>quae</span> <span class='ocrx_word' id='word_1_170' title='bbox 1035 2184 1268 2236; x_wconf 87' lang='lat' dir='ltr'>peribetur,</span> <span class='ocrx_word' id='word_1_171' title='bbox 1363 2185 1409 2224; x_wconf 92' lang='lat' dir='ltr'>in</span> <span class='ocrx_word' id='word_1_172' title='bbox 1499 2183 1661 2225; x_wconf 89' lang='lat' dir='ltr'>somnis</span> 
     </span>
     <span class='ocr_line' id='line_1_33' title="bbox 532 2259 1654 2314; baseline -0.004 -13"><span class='ocrx_word' id='word_1_173' title='bbox 532 2260 639 2301; x_wconf 86' lang='lat' dir='ltr'>vidit</span> <span class='ocrx_word' id='word_1_174' title='bbox 701 2262 837 2313; x_wconf 84' lang='lat' dir='ltr'>prius,</span> <span class='ocrx_word' id='word_1_175' title='bbox 901 2273 1034 2313; x_wconf 86' lang='lat' dir='ltr'>quam</span> <span class='ocrx_word' id='word_1_176' title='bbox 1098 2273 1193 2300; x_wconf 89' lang='lat' dir='ltr'>sam</span> <span class='ocrx_word' id='word_1_177' title='bbox 1268 2259 1431 2301; x_wconf 84' lang='lat' dir='ltr'>discere</span> <span class='ocrx_word' id='word_1_178' title='bbox 1506 2260 1654 2314; x_wconf 64' lang='lat' dir='ltr'>cepit.»</span> 
     </span>
     <span class='ocr_line' id='line_1_34' title="bbox 532 2335 1662 2390; baseline 0 -14"><span class='ocrx_word' id='word_1_179' title='bbox 532 2335 684 2383; x_wconf 79' lang='lat' dir='ltr'>idem†</span> <span class='ocrx_word' id='word_1_180' title='bbox 780 2350 878 2377; x_wconf 88' lang='lat' dir='ltr'>cum</span> <span class='ocrx_word' id='word_1_181' title='bbox 971 2336 1032 2377; x_wconf 90' lang='lat' dir='ltr'>ait</span> <span class='ocrx_word' id='word_1_182' title='bbox 1123 2349 1297 2390; x_wconf 78' lang='lat' dir='ltr'>sapsam</span> <span class='ocrx_word' id='word_1_183' title='bbox 1393 2349 1471 2389; x_wconf 88' lang='lat' dir='ltr'>pro</span> <span class='ocrx_word' id='word_1_184' title='bbox 1568 2336 1662 2388; x_wconf 85' lang='lat' dir='ltr'>ipsa</span> 
     </span>
     <span class='ocr_line' id='line_1_35' title="bbox 531 2411 1659 2465; baseline -0.001 -12"><span class='ocrx_word' id='word_1_185' title='bbox 531 2425 611 2453; x_wconf 90' lang='lat' dir='ltr'>nec</span> <span class='ocrx_word' id='word_1_186' title='bbox 646 2412 777 2462; x_wconf 81' lang='lat' dir='ltr'>alia,†</span> <span class='ocrx_word' id='word_1_187' title='bbox 820 2413 946 2465; x_wconf 91' lang='lat' dir='ltr'>ponit</span> <span class='ocrx_word' id='word_1_188' title='bbox 983 2412 1029 2453; x_wconf 92' lang='lat' dir='ltr'>in</span> <span class='ocrx_word' id='word_1_189' title='bbox 1066 2412 1095 2454; x_wconf 86' lang='lat' dir='ltr'>l.</span> <span class='ocrx_word' id='word_1_190' title='bbox 1119 2411 1258 2453; x_wconf 79' lang='lat' dir='ltr'>XVI.:</span> <span class='ocrx_word' id='word_1_191' title='bbox 1304 2412 1422 2463; x_wconf 83' lang='lat' dir='ltr'>«Quo</span> <span class='ocrx_word' id='word_1_192' title='bbox 1460 2425 1527 2453; x_wconf 88' lang='lat' dir='ltr'>res</span> <span class='ocrx_word' id='word_1_193' title='bbox 1565 2425 1659 2465; x_wconf 87' lang='lat' dir='ltr'>sap-</span> 
     </span>
     <span class='ocr_line' id='line_1_36' title="bbox 532 2487 1659 2542; baseline 0.002 -14"><span class='ocrx_word' id='word_1_194' title='bbox 532 2502 579 2529; x_wconf 86' lang='lat' dir='ltr'>sa</span> <span class='ocrx_word' id='word_1_195' title='bbox 669 2489 762 2530; x_wconf 86' lang='lat' dir='ltr'>loco</span> <span class='ocrx_word' id='word_1_196' title='bbox 855 2503 899 2530; x_wconf 82' lang='lat' dir='ltr'>se</span> <span class='ocrx_word' id='word_1_197' title='bbox 993 2503 1036 2530; x_wconf 85' lang='lat' dir='ltr'>se</span> <span class='ocrx_word' id='word_1_198' title='bbox 1130 2490 1416 2542; x_wconf 73' lang='lat' dir='ltr'>ostentatque,</span> <span class='ocrx_word' id='word_1_199' title='bbox 1521 2487 1659 2530; x_wconf 88' lang='lat' dir='ltr'>iubet-</span> 
     </span>
     <span class='ocr_line' id='line_1_37' title="bbox 533 2564 1659 2617; baseline 0.001 -13"><span class='ocrx_word' id='word_1_200' title='bbox 533 2578 653 2617; x_wconf 86' lang='lat' dir='ltr'>que.»</span> <span class='ocrx_word' id='word_1_201' title='bbox 703 2568 744 2605; x_wconf 88' lang='lat' dir='ltr'>et</span> <span class='ocrx_word' id='word_1_202' title='bbox 798 2565 1009 2606; x_wconf 82' lang='lat' dir='ltr'>Pacuvius</span> <span class='ocrx_word' id='word_1_203' title='bbox 1054 2566 1099 2605; x_wconf 91' lang='lat' dir='ltr'>in</span> <span class='ocrx_word' id='word_1_204' title='bbox 1143 2565 1333 2606; x_wconf 86' lang='lat' dir='ltr'>Teucro:</span> <span class='ocrx_word' id='word_1_205' title='bbox 1384 2564 1519 2605; x_wconf 85' lang='lat' dir='ltr'>«Nam</span> <span class='ocrx_word' id='word_1_206' title='bbox 1552 2564 1659 2605; x_wconf 84' lang='lat' dir='ltr'>Teu-</span> 
     </span>
     <span class='ocr_line' id='line_1_38' title="bbox 533 2640 1654 2694; baseline 0.001 -13"><span class='ocrx_word' id='word_1_207' title='bbox 533 2654 654 2681; x_wconf 87' lang='lat' dir='ltr'>crum</span> <span class='ocrx_word' id='word_1_208' title='bbox 764 2642 854 2694; x_wconf 84' lang='lat' dir='ltr'>regi</span> <span class='ocrx_word' id='word_1_209' title='bbox 975 2654 1103 2694; x_wconf 85' lang='lat' dir='ltr'>sapsa</span> <span class='ocrx_word' id='word_1_210' title='bbox 1212 2654 1279 2682; x_wconf 89' lang='lat' dir='ltr'>res</span> <span class='ocrx_word' id='word_1_211' title='bbox 1389 2640 1654 2682; x_wconf 85' lang='lat' dir='ltr'>restibiliet.»</span> 
     </span>
     <span class='ocr_line' id='line_1_39' title="bbox 533 2715 1658 2772; baseline -0.002 -14"><span class='ocrx_word' id='word_1_212' title='bbox 533 2715 778 2772; x_wconf 74' lang='lat' dir='ltr'>HScaevam,</span> <span class='ocrx_word' id='word_1_213' title='bbox 853 2717 1007 2770; x_wconf 84' lang='lat' dir='ltr'>volgus</span> <span class='ocrx_word' id='word_1_214' title='bbox 1079 2717 1254 2770; x_wconf 86' lang='lat' dir='ltr'>quidem</span> <span class='ocrx_word' id='word_1_215' title='bbox 1318 2719 1360 2757; x_wconf 90' lang='lat' dir='ltr'>et</span> <span class='ocrx_word' id='word_1_216' title='bbox 1421 2717 1467 2756; x_wconf 91' lang='lat' dir='ltr'>in</span> <span class='ocrx_word' id='word_1_217' title='bbox 1530 2716 1658 2765; x_wconf 82' lang='lat' dir='ltr'>bona,</span> 
     </span>
     <span class='ocr_line' id='line_1_40' title="bbox 535 2793 1662 2834; baseline -0.001 -1"><span class='ocrx_word' id='word_1_218' title='bbox 535 2794 576 2833; x_wconf 93' lang='lat' dir='ltr'>et</span> <span class='ocrx_word' id='word_1_219' title='bbox 656 2795 702 2833; x_wconf 90' lang='lat' dir='ltr'>in</span> <span class='ocrx_word' id='word_1_220' title='bbox 783 2793 900 2834; x_wconf 84' lang='lat' dir='ltr'>mala</span> <span class='ocrx_word' id='word_1_221' title='bbox 983 2806 1026 2834; x_wconf 84' lang='lat' dir='ltr'>re</span> <span class='ocrx_word' id='word_1_222' title='bbox 1110 2796 1261 2833; x_wconf 87' lang='lat' dir='ltr'>vocat:</span> <span class='ocrx_word' id='word_1_223' title='bbox 1346 2805 1446 2833; x_wconf 91' lang='lat' dir='ltr'>cum</span> <span class='ocrx_word' id='word_1_224' title='bbox 1539 2793 1662 2833; x_wconf 89' lang='lat' dir='ltr'>aiunt</span> 
     </span>
    </p>
   </div>
  </div>
 </body>
</html>
