2072 3222
394 116 446 154 10
711 128 834 155 PAULI
857 127 1071 155 EXCERPTA
1094 128 1148 154 EX
1179 129 1262 156 LIB.
1293 129 1417 156 POMP.
1443 130 1562 157 FESTI
1775 128 1876 153 13—14

450 245 624 283 tantum
658 256 893 291 sacrarum,
931 242 1007 283 sed
1042 245 1175 284 etiam
1213 246 1482 297 privatarum
1514 258 1663 286 euram
1686 246 1875 298 gerebat.

451 313 606 354 Postea
626 313 708 353 1106
730 326 894 353 nomen
917 314 958 353 et
981 313 1035 353 ad
1057 315 1356 366 magistratusjr
1374 316 1635 356 translatum
1658 320 1734 357 est.
1779 316 1876 356 Die-

451 388 520 424 tus
543 386 606 424 est
627 384 774 423 autem
797 382 947 431 aedilis,
972 383 1088 436 quod
1107 383 1249 424 facilis
1272 384 1327 424 ad
1342 398 1442 425 eum
1456 385 1577 438 plebi
1595 386 1738 427 aditus
1754 388 1877 427 esset.

453 453 537 495 Sed
572 456 613 494 et
643 452 842 494 aedilatus
878 453 1104 494 dicebatur
1137 454 1290 495 eadem
1325 454 1527 508 dignitas,
1578 456 1690 497 sicut
1730 456 1876 510 ponti-

335 542 348 565 5
454 525 620 573 ficatus,
640 526 935 577 magistratus.

393 595 611 636 Atrium
654 596 827 648 proprie
870 598 935 635 est
966 609 1104 648 genus
1126 595 1295 636 aedificii
1330 599 1431 637 ante
1474 597 1611 637 aedem
1647 598 1879 639 continens

453 666 643 706 mediam
682 679 842 715 aream,
880 667 926 706 in
963 680 1094 719 quam
1130 667 1313 707 collecta
1348 681 1398 707 ex
1421 670 1543 708 omni
1580 670 1692 709 tecto
1730 669 1881 722 pluvia

454 736 689 778 descendit.
737 736 914 777 Dictum
978 739 1124 778 autem
1180 737 1338 778 atrium
1390 738 1456 779 vel
1506 739 1608 791 quia
1654 739 1697 779 id
1742 753 1880 792 genus

454 806 622 848 aedifieii
645 808 772 847 Atriae
793 808 984 860 primum
1020 807 1064 847 in
1099 806 1275 848 Etruria
1309 808 1364 848 sit
1385 808 1647 858 institutum,
1671 809 1739 850 vel
1764 809 1881 862 quod

338 895 371 918 10
455 892 480 918 a
501 881 615 919 terra
637 878 813 928 oriatur,
838 879 963 931 quasi
987 880 1209 919 atei-rium.

395 948 561 998 Avus,
584 951 720 1002 patris
742 951 979 1003 matrisque
993 954 1131 1003 pater,
1154 950 1294 991 dietus
1313 949 1497 991 aGraeoo
1516 951 1742 1000 vocabulo,
1768 950 1884 1004 quod

456 1022 519 1060 est
541 1019 658 1073 apud
673 1033 746 1060 eos
768 1024 939 1068 πάπποις,
976 1022 1156 1062 mutatis
1192 1020 1455 1073 quibusdam
1490 1021 1654 1062 litteris.
1703 1022 1788 1062 Alii
1811 1035 1882 1062 vo-

458 1091 567 1139 lunt,
612 1090 727 1143 quod
762 1104 812 1130 ex
847 1104 898 1131 ea
939 1104 1044 1131 voce
1088 1091 1346 1145 appelletur,
1392 1091 1508 1145 quod
1550 1091 1669 1145 apud
1708 1091 1882 1133 eosdem

457 1160 628 1201 Graecos
663 1157 735 1207 αὖς
754 1160 774 1181 *
818 1161 1079 1215 appellatum
1105 1161 1408 1215 significatque
1424 1176 1646 1214 magnum,
1672 1163 1883 1215 quoniam

342 1249 376 1272 15
460 1231 594 1271 veluti
632 1244 818 1284 magnus
854 1234 977 1284 pater
1012 1232 1066 1272 sit
1089 1246 1207 1273 avus.
1244 1233 1328 1272 Alii
1363 1235 1519 1286 putant
1557 1246 1685 1274 mum
1720 1232 1883 1273 dietum

459 1315 564 1349 esse,
590 1302 690 1354 quia
725 1302 779 1342 ad
814 1302 921 1342 duos
955 1304 1151 1351 attineat,
1178 1303 1303 1356 quasi
1339 1300 1546 1353 (altinum,
1585 1303 1652 1343 vel
1689 1304 1792 1356 quia
1828 1302 1882 1343 ad

459 1377 626 1426 patrem
645 1374 699 1412 sit
721 1372 905 1421 additus.

398 1442 627 1483 AbaVUS
650 1442 820 1492 dicitur,
844 1445 946 1496 quia
968 1443 1091 1485 abest
1113 1443 1167 1484 ab
1192 1458 1271 1484 avo
1296 1447 1336 1485 et
1359 1447 1422 1484 est
1445 1458 1551 1484 avus
1576 1446 1658 1485 avi.

397 1512 651 1565 Atavus*‚
678 1514 779 1567 quia
812 1518 902 1555 atta
937 1516 999 1554 est
1022 1515 1105 1564 avi,
1130 1515 1171 1555 id
1196 1519 1259 1555 est
1293 1518 1426 1568 pater,
1452 1519 1499 1555 ut
1520 1516 1643 1568 pueri
1670 1527 1880 1568 usurpare

350 1602 386 1626 20
462 1585 616 1626 solent.

400 1654 736 1706 Avunculus,
760 1657 910 1697 matris
934 1671 1040 1697 meae
1062 1657 1207 1707 frater,
1230 1659 1358 1698 traxit
1375 1657 1720 1710 appellationem
1743 1656 1798 1698 ab
1821 1669 1872 1696 eo

462 1726 576 1778 quod
610 1739 731 1779 aeque
769 1727 920 1767 tertius
955 1741 1081 1777 ame,
1116 1730 1164 1767 ut
1187 1741 1306 1777 avus,
1343 1732 1419 1777 est,
1457 1727 1531 1768 sed
1563 1741 1655 1768 non
1693 1726 1887 1767 eiusdem

458 1796 586 1844 iuris:
623 1795 807 1850 ideoque
843 1797 1046 1838 vocabuli
1080 1798 1196 1838 faeta
1219 1797 1460 1838 deminutio
1497 1800 1574 1838 est.
1611 1796 1711 1838 Sive
1747 1811 1885 1838 avun-

460 1867 580 1906 culus
603 1868 866 1921 appellatur,
903 1867 1019 1921 quod
1054 1869 1122 1909 avi
1156 1869 1301 1909 locum
1326 1870 1522 1922 optineat
1545 1872 1586 1909 et
1608 1868 1886 1921 proximitate

340 1956 374 1979 25
458 1940 629 1978 tueatur
651 1940 809 1978 sororis
832 1937 984 1978 filiam.

400 2008 586 2049 Amita
607 2009 742 2062 patris
764 2011 850 2049 mei
874 2023 1008 2059 soror,
1045 2012 1146 2062 quia
1168 2010 1367 2050 similiter
1389 2010 1515 2050 tertia
1537 2023 1562 2050 a
1583 2023 1654 2050 me
1678 2011 1732 2051 sit
1755 2012 1884 2062 atque

462 2080 571 2128 avia,
596 2079 729 2120 videri
751 2083 894 2133 potest
917 2080 1031 2120 diota
1053 2094 1104 2120 ex
1127 2096 1190 2130 60,
1215 2080 1329 2134 quod
1347 2081 1401 2121 ab
1426 2080 1745 2134 antiquioribus
1769 2082 1886 2120 avita

462 2150 516 2190 sit
538 2150 737 2191 vocitata.
762 2150 859 2191 Sive
883 2153 1018 2192 amita
1048 2151 1161 2192 dicta
1183 2154 1258 2200 est,
1296 2153 1398 2204 quia
1421 2165 1446 2192 a
1468 2154 1590 2204 patre
1613 2164 1711 2191 meo
1735 2154 1883 2191 amata

463 2228 536 2262 cst.
561 2221 669 2261 Nam
705 2222 803 2275 plus
825 2236 996 2262 sorores
1030 2236 1056 2262 a
1088 2222 1308 2271 fratribus,
1344 2236 1475 2275 quam
1498 2222 1651 2263 fraires
1674 2221 1792 2273 diligi
1816 2234 1882 2262 so-

354 2310 388 2331 311
467 2292 571 2340 lent,
595 2292 796 2332 videlicet
829 2295 1006 2345 propter
1028 2291 1428 2333 dissimilitudinem
1461 2306 1763 2346 personarum,
1795 2305 1890 2344 quae

463 2362 560 2402 ideo
585 2363 729 2402 minus
764 2362 931 2403 habent
967 2361 1261 2412 dissensionis,
1287 2376 1372 2415 quo
1408 2363 1555 2403 minus
1580 2363 1889 2403 aemulationis.

407 2431 651 2473 Avillus
681 2446 818 2485 agnus
841 2433 1025 2473 recentis
1048 2436 1211 2486 partus.

355 2518 373 2592 N
404 2501 593 2553 Agnus
637 2502 792 2543 dicitui
815 2502 892 2544 ἀπὸ
926 2510 993 2543 τοῦ
1030 2502 1078 2543 ἁ
1066 2510 1162 2555 νοῦ,
1211 2503 1327 2556 quod
1362 2503 1581 2556 significat
1616 2500 1797 2553 eastum,
1841 2517 1891 2544 eo

468 2573 584 2626 quod
608 2574 663 2613 sit
685 2573 827 2613 hostia
848 2587 958 2626 puia
981 2576 1021 2614 et
1043 2574 1338 2615 immolationi
1361 2578 1477 2627 apta.
1820 2562 1823 2563 ⁷

347 2662 381 2685 30
405 2642 494 2683 AV
498 2653 591 2684 ere
607 2643 718 2683 nihil
733 2643 850 2684 aliud
862 2646 938 2693 est,
957 2658 1089 2697 quam
1105 2657 1273 2697 cupere.
1291 2632 1558 2697 Argumento
1576 2644 1697 2685 esse*
1714 2643 1891 2684 avidum

466 2716 507 2754 et
529 2712 791 2761 aviditatem,
831 2728 881 2754 ex
917 2714 1072 2767 quibus
1106 2717 1324 2767 praecipua
1358 2714 1572 2768 cupiditas
1611 2714 1890 2766 intellegitur,

467 2798 564 2824 611111
587 2785 797 2836 significet
821 2794 859 2824 et
882 2785 1082 2837 gaudere.

1877 1670 1945 1705 214
