2072 3222
344 168 428 208 0228
490 180 547 208 φιτ.
562 179 597 203 x.
615 178 657 204 13.
773 179 895 206 FEsTI
917 179 1074 207 FRAGM.
1088 179 1142 206 Ex
1156 179 1304 207 APOGR.
1321 179 1359 207 L.
1374 179 1456 207 XIV.
1674 179 1704 204 r.
1722 177 1771 204 197
1785 177 1812 204 Μ

339 1004 374 1029 10

340 1382 372 1406 15

336 1769 372 1793 20

334 2147 368 2172 25

334 2533 369 2557 80

412 310 601 337 senem.»
650 298 692 337 et
742 295 898 336 Accius
961 297 1008 335 in
1059 294 1266 336 Bacchis:
1343 296 1563 336 «Praesens
1604 299 1762 349 praesto

411 372 600 413 irridetis
643 372 767 413 nobis
810 371 950 425 stipe†

412 449 525 490 ultro
578 450 799 490 ostentum
852 448 1045 490 obtulit.»
1102 446 1343 503 ''Oscinum
1395 448 1654 501 tripudium†
1689 451 1766 498 est,

413 526 529 579 quod
594 525 678 566 oris
744 528 875 567 cantu
940 524 1154 578 significat
1218 524 1322 578 quid
1384 524 1609 578 portendi;
1664 538 1764 565 cum

411 603 563 643 cecinit
645 615 810 651 corvus,
886 601 1047 651 cornix,
1144 603 1318 653 noctua,
1400 614 1544 655 parra,
1625 603 1762 654 picus.

410 677 430 734 ΙΙ
446 679 639 720 Obstinet
682 678 886 720 dicebant
930 678 1110 732 antiqui,
1151 678 1268 732 quod
1300 691 1418 719 nunc
1453 680 1516 719 est
1548 677 1761 725 ostendit:

411 757 458 795 ut
500 757 546 795 in
590 754 805 796 veteribus
850 755 1142 795 carminibus:
1194 753 1303 796 «Sed
1347 754 1435 795 iam
1468 769 1510 796 se
1544 755 1664 795 caelo
1698 769 1762 795 ce·

411 832 519 873 dens
591 844 747 872 aurora
817 832 1008 873 obstinet
1079 845 1209 872 suum
1271 827 1506 885 patrem.»‘
1549 829 1567 886 ΙΙ
1584 830 1762 872 Oscines

411 922 511 950 aves
557 910 635 963 Ap.
682 907 981 955 Claudianus†
1027 921 1117 949 esse
1178 907 1251 957 ait,
1297 920 1392 960 quae
1438 920 1510 947 ore
1557 909 1762 948 canentes

407 985 571 1026 faciant
649 986 908 1039 auspicium,
985 986 1033 1025 ut
1110 997 1274 1033 corvos,
1354 984 1515 1034 cornix,
1588 987 1760 1026 noctua.

409 1065 536 1112 autl,
591 1076 685 1116 quae
739 1062 819 1104 alis
873 1076 921 1103 ac
989 1062 1166 1110 volatu3
1220 1065 1267 1102 ut
1320 1061 1467 1110 buteo,
1523 1060 1761 1114 sanqualis,

409 1139 569 1193 aquila,
687 1139 952 1188 inmusulus,
1072 1138 1300 1179 vulturius.
1408 1139 1550 1191 picam
1659 1140 1732 1178 aut
1744 1142 1762 1183 †

408 1215 602 1264 Martius,
678 1215 989 1269 Feroniusque,
1065 1218 1105 1255 et
1178 1228 1319 1268 parra,
1396 1218 1435 1255 et
1497 1214 1542 1254 in
1604 1213 1758 1255 oscini-

408 1293 500 1339 bus,
577 1294 616 1333 et
688 1293 734 1332 in
808 1292 983 1332 alitibus
1057 1291 1284 1332 habentur,
1342 1289 1359 1346 ΙΙ
1376 1290 1543 1332 Ostiam
1606 1291 1760 1331 urbem

406 1369 461 1410 ad
544 1368 704 1409 exitum
790 1367 955 1409 Tiberis
1037 1368 1082 1408 in
1165 1381 1283 1409 mare
1365 1367 1539 1408 fluentis
1615 1369 1760 1408 Ancus

408 1444 590 1486 Martius
664 1459 736 1486 rex
827 1443 1086 1494 condidisse,
1180 1446 1221 1484 et
1311 1443 1522 1484 feminino
1615 1443 1759 1497 appel-

407 1522 518 1562 lasse
570 1521 783 1562 vocabulo
836 1521 984 1563 fertur.
1040 1520 1156 1574 quod
1208 1523 1298 1562 sive
1352 1521 1407 1562 ad
1454 1521 1623 1570 urbem,
1670 1520 1759 1561 sive

408 1597 461 1639 ad
514 1598 746 1647 coloniam,
801 1600 935 1651 quia†
979 1600 1128 1651 postea
1179 1597 1355 1638 condita
1418 1601 1493 1647 est,
1549 1598 1755 1639 refertur:

408 1674 564 1725 Quod†
616 1677 821 1716 neutrum
876 1677 987 1715 certe
1040 1675 1168 1728 plura

405 1753 505 1793 ferri
578 1765 670 1792 non
744 1752 881 1792 debet.
958 1749 975 1807 ΙΙ
991 1751 1207 1793 Osculana
1268 1765 1418 1805 pugna
1479 1752 1524 1792 in
1588 1765 1759 1804 prover-

407 1829 493 1879 bio,
568 1843 654 1883 quo
718 1828 1041 1882 significabatur
1103 1828 1233 1870 victos
1296 1830 1480 1878 vincere,
1546 1831 1649 1882 quia
1714 1829 1758 1868 in

406 1905 676 1946 eadem
746 1908 786 1947 et
848 1905 1049 1946 Valerius
1111 1905 1314 1945 Laevinus
1378 1905 1616 1958 imperator
1679 1906 1757 1945 Ro.

405 1996 430 2023 a
505 1981 669 2035 Pyrrho
747 1985 838 2023 erat
914 1982 1064 2032 victus,
1136 1984 1177 2022 et
1237 1982 1357 2022 brevi
1435 1981 1624 2022 eundem
1691 1995 1755 2022 re-

405 2072 500 2112 gem
563 2058 776 2099 devicerat
827 2057 1048 2111 Sulpicio†
1085 2091 1092 2098 .

404 2135 505 2176 item
608 2135 852 2187 Imperator
954 2138 1113 2175 noster.
1220 2135 1311 2175 eius
1402 2136 1465 2175 rei
1557 2135 1757 2174 meminit

406 2211 624 2252 Titinnius
715 2211 797 2252 hoc
889 2211 1033 2252 modo.
1148 2211 1275 2252 «Haec
1367 2211 1542 2264 quidem
1635 2211 1758 2264 quasi

406 2286 622 2328 Osculana
666 2300 812 2340 pugna
856 2290 920 2327 est
982 2320 989 2327 .
1056 2320 1063 2327 .
1130 2318 1137 2326 .
1204 2318 1211 2326 .
1277 2319 1286 2328 .
1349 2301 1485 2338 secus,
1533 2288 1635 2340 quia
1678 2288 1757 2334 in÷

405 2365 551 2415 fugere
617 2362 729 2416 polsi
786 2362 887 2403 hinc
949 2363 1089 2416 spolia
1151 2363 1414 2416 colligantjs»
1477 2363 1756 2416 Significatur

406 2440 536 2480 etiam
623 2441 770 2481 osculo
841 2438 1022 2489 savium,
1097 2442 1145 2480 ut
1218 2440 1399 2480 Plautus
1474 2443 1521 2480 in
1595 2440 1754 2480 Nervo-

402 2515 535 2556 laria:
574 2514 805 2556 «Osculum
829 2518 895 2556 sat
917 2520 980 2557 est
1003 2516 1142 2556 osculi
1165 2516 1272 2556 mihi
1298 2546 1444 2557 .....
1486 2515 1560 2568 qui
1594 2516 1756 2557 amb0†

404 2593 464 2632 mi
525 2595 697 2645 pater»;
764 2592 879 2645 quod
942 2592 1054 2633 inter
1116 2595 1335 2645 cognatos,
1394 2592 1752 2646 propinquosque

404 2668 652 2709 institutum
773 2668 826 2708 ab
964 2668 1152 2721 antiquis
1273 2671 1349 2716 est,
1483 2668 1755 2721 maximeque

404 2745 589 2785 feminas
643 2778 650 2785 .
