2072 3222
295 109 382 148 410
443 120 501 149 Qu.
516 119 598 143 xm.
613 118 656 144 028.

368 236 605 290 appendice
622 252 630 276 ε

368 312 656 354 curiosissime

368 390 480 429 vata.

367 478 539 506 crorum

316 562 330 583 5
364 556 408 582 re
491 544 602 583 esset

367 620 486 668 bana

367 709 430 746 co,
528 695 725 736 videlicet
820 709 899 748 pro

366 775 515 822 teram,
581 774 628 812 ut

366 862 454 889 vas.
526 849 631 890 item

297 941 330 965 ιο
367 925 458 965 buli

367 1005 502 1055 rogat,
601 1004 641 1042 et

366 1079 494 1120 horre
501 1093 525 1120 a
606 1081 678 1132 qui

368 1156 565 1206 Gracchi,

368 1232 386 1290 ΙΙ
411 1234 559 1275 Statua
634 1235 697 1274 est

668 1310 801 1358 Circo,

297 1331 331 1356 15
366 1313 474 1351 ictus
546 1311 590 1349 in

371 1388 437 1427 ius
535 1399 632 1427 ossa

369 1463 591 1516 responsis

368 1540 458 1580 lata
538 1541 583 1579 in

371 1616 528 1656 obruta

298 1710 332 1733 2¹)
369 1692 504 1746 ipsius

370 1769 675 1824 appellabatur

369 1849 537 1887 raverat
639 1848 685 1886 in

369 1924 558 1964 basilicae

370 2001 514 2054 hydrae

299 2098 333 2122 25
370 2077 573 2118 morbum
656 2076 701 2116 in

370 2156 532 2194 certum
631 2167 727 2193 cum

370 2232 528 2283 putant

371 2310 440 2346 cat
502 2308 720 2346 nocentes,

370 2385 429 2423 tet
511 2395 700 2431 causam,
785 2395 915 2434 quam
979 2381 1033 2421 ob
1097 2395 1189 2421 rem
1271 2379 1426 2433 perdas

300 2475 334 2497 ³5⁰
370 2457 388 2514 Η
415 2458 590 2499 Sacram
724 2459 835 2498 viam
969 2457 1147 2510 quidam
1310 2457 1575 2510 appellatam

370 2534 630 2583 existimant,
734 2534 850 2587 quod
954 2534 998 2573 in
1102 2546 1152 2573 ea
1253 2532 1393 2573 foedus
1494 2533 1627 2572 ictum

369 2614 481 2652 inter
583 2612 587 2614 ’
601 2611 833 2659 {omuluim
936 2623 984 2650 ac
1088 2610 1273 2649 Tatium.
1378 2607 1569 2661 quidam,

372 2701 419 2728 eo
522 2688 673 2728 itinere
775 2689 954 2727 utantur
1054 2686 1298 2726 sacerdotes
1400 2684 1619 2725 indulium

373 2777 541 2805 crorum
617 2763 986 2803 conficiendorum
1061 2775 1204 2802 causa.
1281 2762 1425 2814 itaque

708 235 825 289 quod

554 388 812 442 relictusque

623 467 715 506 erat
728 481 736 514 ;
835 467 884 505 ut
979 478 1028 506 ea

682 543 993 582 necessarium.

568 632 695 672 quem

691 785 789 812 cum
854 771 969 811 idem

705 862 750 888 ez
821 862 906 888 sex.
981 850 1022 888 et
1093 850 1194 888 enta

522 925 723 966 meminit

698 1155 751 1196 ad
883 1155 1123 1196 custodiam

694 1463 878 1504 Senatus

666 1538 907 1587 Volcanali,

629 1618 742 1656 sunt.

607 1692 759 1745 effigie,

609 2244 711 2277 esse,

722 121 844 148 FESTI
856 120 1013 148 FRAGM.
1030 120 1055 146 E
1070 120 1163 148 COD.
1178 119 1302 148 FARN.
1317 121 1356 147 L.
1371 121 1490 149 XVIII.

889 235 993 277 olim
1057 249 1179 277 sacra
1241 250 1332 278 non

773 312 1156 362 administrabant,
1283 313 1357 353 sed

876 388 1000 429 heres
1067 390 1159 436 sic†
1239 389 1450 442 pecuniae,

1110 464 1437 518 diligentissime

1092 539 1111 597 ΙΙ
1136 540 1334 596 Suppum

777 632 896 659 nunc
977 619 1184 672 supinum
1266 619 1450 659 dicimus

997 694 1291 748 adspiratione

1033 771 1156 824 hylas

1265 849 1445 902 septem.

790 925 919 965 etiam
987 924 1172 966 Lucius:

737 1002 772 1042 si
869 1003 1040 1055 suggeri
1137 1015 1302 1055 suppus
1317 1008 1346 1042 4.
1359 1018 1373 1039 »

751 1079 870 1119 locus
953 1078 1119 1128 dicitur,
1203 1078 1248 1118 in
1321 1093 1370 1119 eo

1261 1156 1472 1196 frumenti

778 1232 870 1272 ludi
952 1233 1057 1281 eius,
1139 1233 1210 1285 qui

885 1309 1080 1361 sepultus
1163 1312 1227 1349 est

728 1388 877 1439 postea
973 1399 1022 1426 ex
1118 1384 1323 1438 prodigis,

981 1462 1149 1502 decreto
1251 1464 1368 1502 intra

993 1538 1109 1591 quod
1193 1542 1255 1580 est
1331 1552 1460 1592 supra

845 1629 1062 1669 superque
1165 1629 1216 1655 ea

870 1694 1011 1745 posita
1113 1695 1188 1732 est.

741 1775 758 1813 Τ
854 1782 918 1818 eo,
1016 1769 1088 1821 qui
1185 1782 1284 1810 eum

787 1846 1004 1899 principio
1109 1846 1188 1885 vici
1290 1845 1450 1898 Iugari,

660 1922 795 1973 Iuliae,
909 1924 954 1962 in
1058 1936 1141 1974 quo
1243 1923 1339 1963 loco
1441 1921 1521 1962 fuit

729 2001 886 2052 positta
1096 2000 1299 2052 Agrippa.

785 2075 882 2115 XII.
973 2075 1218 2128 significare
1302 2076 1361 2115 ait

825 2152 940 2193 iusta

1036 2165 1179 2200 CaUSa,
1279 2166 1407 2204 qUssHI

806 2229 877 2282 qui
959 2231 1126 2278 noceat,
1221 2228 1336 2280 quod

786 2305 958 2346 Naevius
1023 2306 1081 2345 ait
1097 2321 1104 2344 :

1417 542 1584 596 antiqui

1533 632 1583 659 ex

1373 700 1617 749 ponentes†

1225 771 1387 821 dicunt,
1456 775 1497 812 et

1500 849 1592 889 eius

1247 924 1315 966 «Si
1368 939 1469 966 vero
1522 926 1611 975 das,

1442 1079 1619 1119 fuerunt

1293 1232 1516 1285 quondam

1308 1311 1353 1349 in
1412 1309 1618 1350 Ianiculo.

1468 1462 1623 1502 urbem

1318 1616 1569 1668 columpna,

1302 1689 1320 1747 ΙΙ
1345 1692 1550 1733 Servilius

1443 2074 1590 2115 Aelius

1501 2164 1590 2191 non

1418 2230 1542 2268 sonte

1183 2321 1196 2340 (ι
1208 2304 1427 2345 Sonticam
1491 2317 1583 2344 esse

1628 121 1660 146 P.
1673 119 1726 145 290
1739 122 1777 146 M.

1397 237 1541 278 solum
1601 238 1780 291 publica

1460 313 1592 355 etiam

1692 314 1777 368 pri-

1521 390 1652 430 etiam
1716 403 1779 431 sa-

1511 465 1779 507 administra-

1666 543 1777 583 dice—

1665 618 1780 660 Grae-

1710 697 1779 737 lit-

1564 786 1645 813 nos
1709 773 1779 813 sil·

1658 863 1780 890 voca-

1666 925 1781 979 quod

1481 999 1498 1057 ΙΙ
1522 1002 1781 1056 Sempronia

1690 1080 1781 1130 lege

1602 1156 1780 1209 publici.

1597 1233 1781 1273 fulmine

1712 1323 1781 1349 CU-

1420 1385 1783 1438 oraculorumque

1718 1475 1781 1502 ΥΕ·

1533 1538 1781 1588 Comitium,

1683 1628 1781 1655 cum

1662 1691 1782 1732 lacus

1381 1768 1630 1810 faciendum
1712 1782 1780 1808 cu-

1555 1845 1782 1885 continens

1621 1921 1782 1974 effigies

1516 1995 1534 2052 ΙΙ
1560 1997 1782 2039 Sonticum

1673 2074 1781 2115 Stilo

1672 2150 1783 2190 nulli

1624 2226 1781 2280 signifi-

1656 2316 1781 2356 opor-

1509 2379 1777 2419 mulierem.»

1690 2468 1781 2496 esse

1730 2531 1784 2570 sit

1667 2607 1782 2660 quod

1716 2697 1780 2724 sa-

1488 2775 1541 2801 ne
1603 2763 1782 2800 eatenus
