2072 3222
322 109 409 151 560
893 126 1017 154 PAULI
1040 127 1269 155 EXCERPTA.
1754 126 1808 153 ³³68

393 239 734 291 Taciturnus‚
770 241 843 294 qui
876 241 1001 283 facile
1034 245 1169 284 tacet:
1207 241 1364 286 tacitus
1401 244 1531 285 etiam
1553 247 1743 298 argutus,

452 316 552 370 quia
575 320 722 371 potest
745 318 983 371 aliquando
1007 322 1161 361 tacere.

395 392 605 434 Tenitae
642 394 931 436 credebantur
974 408 1068 437 esse
1113 397 1294 437 sortium
1335 397 1435 445 deae,
1469 397 1590 439 diotae
1634 398 1748 452 quod

451 470 631 511 tenendi
654 469 867 512 haberent
888 473 1164 525 potestatem.

340 556 355 579 5
392 545 652 587 Termino
688 560 809 588 sacra
846 548 1081 597 faciebant,
1118 548 1238 601 quod
1272 551 1318 590 in
1353 551 1445 590 eius
1474 550 1613 591 tutela
1633 550 1742 591 fines

449 636 653 676 agrorum
689 637 778 664 esse
814 624 1043 677 putabant.
1075 624 1272 679 Denique
1317 625 1461 667 Numa
1497 626 1740 680 Pompilius

448 699 614 750 statuit,
645 713 758 749 eum,
799 702 873 754 qui
910 700 1149 742 terminum
1194 705 1422 751 exarasset,
1462 706 1503 744 et
1535 704 1679 757 ipsum
1703 707 1743 745 et

449 776 579 818 boves
603 790 748 818 sacros
773 790 879 818 esse.

389 851 683 893 Terminus
708 866 793 906 quo
826 854 920 896 loco
944 854 1180 903 colebatur,
1225 868 1355 909 super
1397 869 1496 896 eum
1544 855 1742 897 foramen

318 943 353 967 10
445 929 623 982 patebat
640 929 685 970 in
703 933 825 978 tecto,
844 929 961 983 quod
983 931 1106 972 nefas
1129 944 1221 972 esse
1245 934 1461 984 putarent,
1487 931 1740 973 Terminum

446 1005 561 1047 intra
582 1008 742 1047 tectum
773 1007 1020 1048 consistere.

386 1232 629 1275 Vicinia
652 1235 894 1276 vicinorum
918 1239 1201 1277 conversatio.

385 1311 678 1363 Vesperna
719 1313 834 1366 apud
857 1313 1062 1354 Plautum
1086 1327 1194 1354 cena
1216 1313 1494 1366 intellegitur.

316 1404 348 1427 15
384 1389 677 1441 Vesticeps
729 1403 849 1443 puer,
904 1391 977 1444 qui
1025 1392 1113 1431 iam
1164 1390 1343 1432 vestitus
1386 1392 1452 1431 est
1492 1390 1735 1443 pubertate,

444 1468 621 1507 econtra
644 1464 829 1518 incestis,
854 1468 925 1519 qui
948 1467 1135 1508 necdum
1159 1467 1388 1520 pubertate
1412 1468 1592 1508 vestitus
1615 1469 1693 1508 est.

385 1542 527 1584 Veia
570 1542 685 1596 apud
729 1542 861 1584 Oscos
895 1542 1120 1585 dicebatur
1152 1543 1421 1597 plaustrum:
1458 1543 1557 1584 inde
1600 1541 1736 1585 ¹sciuri

443 1620 610 1672 stipites
633 1619 678 1660 in
709 1620 917 1673 plaustro,
942 1621 982 1660 et
1004 1622 1178 1660 vectura
1200 1617 1408 1662 reiculam.

384 1695 641 1737 Urbanas
695 1696 833 1736 tribus
887 1696 1186 1749 appellabant,
1229 1696 1274 1736 in
1328 1708 1435 1749 quas
1488 1695 1602 1736 Urbs
1648 1698 1738 1736 erat

312 1793 347 1816 20
442 1771 665 1825 dispertita
703 1787 727 1813 a
771 1771 920 1813 Servio
963 1773 1106 1814 Tullio
1149 1786 1258 1825 rege,
1295 1772 1338 1813 id
1383 1774 1446 1813 est
1488 1771 1732 1822 Suburana,

443 1849 654 1900 Palatina,
682 1849 949 1902 Aesquilina,
975 1848 1159 1890 Collina.

382 1925 567 1966 Vestis
590 1925 850 1978 generaliter
885 1925 1052 1975 dicitur,
1077 1928 1124 1966 ut
1157 1926 1359 1978 stragula,
1386 1927 1583 1974 forensis,
1606 1924 1734 1965 muli·

441 2002 577 2043 ebris:
614 2000 898 2045 vestimentum
936 2016 1037 2056 pars
1074 2002 1235 2056 aliqua,
1271 2005 1318 2043 ut
1347 2002 1548 2055 pallium,
1571 2001 1733 2051 tunica,

439 2079 616 2132 penula.

310 2169 344 2193 25
379 2154 591 2196 Vescus
627 2155 890 2197 fastidiosus.
927 2155 986 2196 Ve
1023 2155 1139 2196 enim
1177 2169 1253 2209 pro
1290 2155 1449 2209 pusillo
1484 2155 1732 2196 utebantur.

439 2231 667 2271 Lucretius
726 2244 902 2272 vescum
947 2231 1054 2272 dixit
1097 2231 1287 2282 edacem,
1342 2245 1438 2272 cum
1483 2233 1564 2272 ait:
1609 2231 1733 2280 «Nee,

438 2320 556 2347 mare
579 2320 673 2359 quae
696 2307 948 2360 inpendent,
972 2320 1097 2348 vesco
1120 2308 1210 2349 sale
1228 2321 1329 2349 saxa
1350 2321 1548 2361 peresa».

378 2382 593 2423 VeSCOI‘
615 2397 784 2436 pascor.

378 2458 702 2511 Vesperugo
738 2474 888 2514 vesper
922 2461 1060 2502 stella.
1096 2461 1303 2503 Plautus:
1346 2461 1454 2502 «Nec
1478 2473 1727 2514 vesperugo,

308 2556 344 2580 30
438 2549 515 2576 nec
540 2536 727 2588 vergiliae
751 2537 992 2578 occidunt.»

377 2611 577 2663 Vespae
622 2613 676 2653 et
717 2613 1063 2665 vespillones
1102 2613 1319 2663 dicuntur,
1354 2615 1427 2667 qui
1470 2613 1727 2655 funerandis

435 2688 687 2741 corporibus
710 2688 902 2730 officium
920 2691 1090 2742 gerunt,
1112 2702 1203 2730 non
1226 2703 1251 2730 a
1272 2690 1452 2730 minutis
1481 2690 1568 2730 illis
1604 2690 1724 2731 volu—

435 2764 591 2813 cribus,
616 2765 689 2805 sed
712 2766 811 2818 quia
835 2766 1080 2818 vespertino
1104 2767 1298 2818 tempore
1333 2779 1407 2807 eos
1431 2765 1628 2814 efferunt,
1654 2765 1727 2819 qui
