2072 3222
232 120 318 161 516
381 132 438 161 Qu.
455 131 515 156 XV.
530 130 573 155 20.
666 131 789 158 FESTI
803 132 963 159 FRAGM.
978 132 1004 158 E
1019 132 1113 159 001).
1129 132 1251 160 FARN.
1268 133 1306 158 L.
1321 132 1458 159 XVIIII.
1563 131 1593 155 P.
1609 129 1664 155 344
1677 132 1715 156 M.

231 949 264 973 10

234 1338 267 1362 15

231 1715 266 1738 20

234 2493 267 2517 30

301 249 482 291 Offilium
516 248 553 288 si
597 261 641 288 se
675 248 1008 300 appellavisset:
1079 249 1154 289 «In
1189 248 1423 297 coloniam,
1458 247 1717 297 me1·cules†,

302 325 484 366 scribere
559 325 713 373 nolim,
777 327 812 365 si
873 325 1007 366 trium
1069 326 1214 365 virum
1276 324 1374 373 sim,
1436 324 1718 377 spatiatorem

301 405 431 453 atque
494 401 841 441 fescenninum.»
951 398 1108 455 ''Stata
1169 400 1380 441 sacrificia
1442 403 1558 450 sunt,
1622 413 1718 453 quae

301 479 427 518 certis
476 477 628 518 diebus
680 477 773 518 fieri
825 477 1000 518 debent.
1053 476 1159 517 Cato
1211 478 1258 517 in
1304 491 1366 523 ea,
1401 490 1532 530 quam
1586 476 1718 516 scrib-

302 554 358 594 sit
410 554 461 594 de
513 554 563 596 L,
602 554 796 602 Veturio,
851 557 901 595 de
956 554 1170 595 sacrificio
1225 554 1477 603 commisso,
1530 567 1628 594 cum
1683 554 1722 594 ei

303 645 464 684 equum
505 631 691 672 ademit:
753 631 900 681 «Quod
946 634 1009 679 tu,
1042 631 1159 684 quod
1190 631 1236 671 in
1269 633 1311 671 te
1343 630 1436 680 fuit,
1470 643 1592 671 sacra
1634 633 1718 671 sta-

301 709 359 756 ta,
417 707 727 760 sollempnia†,
795 709 969 761 capite³ssr
1023 710 1186 757 sancta,
1252 706 1519 748 deseruisti.»
1587 704 1721 762 [1801-

302 784 468 825 lemnia
529 798 651 825 sacra
713 783 930 833 dicuntur,
990 797 1084 837 quae
1148 785 1274 824 certis
1336 783 1611 837 temporibus
1643 797 1719 824 an-

302 861 453 914 nisque
485 861 577 901 fieri
601 862 759 902 solent.
835 859 854 916 11
881 860 1008 902 Serra
1029 861 1246 914 preliari†
1284 860 1455 909 dicitur,
1479 874 1577 900 cum
1615 862 1719 901 assi—

300 938 417 989 111104
471 938 703 987 acceditur,
748 938 1068 991 recediturque,
1123 951 1268 991 neque
1322 937 1414 977 ullo
1469 937 1722 977 consistitur

301 1018 510 1068 tempore.
574 1015 680 1056 Cato
744 1014 795 1056 de
843 1029 888 1055 re
933 1015 1136 1056 militari:
1208 1014 1372 1055 «Sinei
1436 1014 1547 1054 forte
1611 1027 1721 1066 opus

301 1093 356 1133 sit
438 1105 591 1140 cuneo,
677 1094 753 1132 aut
834 1092 980 1145 globo,
1059 1093 1134 1132 aut
1214 1090 1392 1143 forcipe,
1476 1094 1551 1132 aut
1632 1092 1719 1131 tur-

301 1169 422 1209 ribus
475 1170 549 1208 aut
602 1182 734 1217 serra,
799 1171 863 1209 uti
927 1167 1163 1209 adoriare.»
1261 1165 1280 1222 ΙΙ
1302 1167 1476 1209 Stercus
1530 1182 1578 1207 ex
1630 1167 1721 1207 aede

302 1244 441 1284 Vestae
546 1244 684 1284 XVII.
739 1245 809 1285 III.
875 1244 958 1285 lul.
1041 1243 1232 1284 defertur
1313 1243 1359 1283 in
1442 1244 1721 1297 angiportum

303 1320 497 1361 medium
559 1321 646 1361 fere
710 1321 808 1360 clivi
871 1320 1124 1373 Capitolini,
1188 1320 1260 1372 qui
1321 1320 1445 1360 locus
1507 1320 1723 1361 clauditur

300 1401 485 1451 portas*
561 1399 869 1445 terc01·raria†.
975 1400 1107 1438 tanta?
1211 1397 1452 1438 sanctitatis
1534 1399 1720 1438 maiores

301 1473 369 1517 u'ri
422 1489 514 1516 esse
572 1474 889 1515 iudicaverunt.
975 1471 994 1528 ΙΙ
1026 1472 1382 1514 Summissiorem
1436 1473 1530 1514 aliis
1584 1473 1721 1514 eedem

302 1553 496 1594 Honoris
581 1554 621 1592 et
703 1550 885 1592 Virtutis
973 1549 1018 1592 C.
1112 1549 1277 1590 Marius
1367 1550 1482 1599 fecit,
1576 1550 1717 1597 nesi†

303 1629 410 1670 forte
534 1627 727 1668 officeret
869 1628 1074 1680 auspiciis
1202 1627 1404 1679 publicis,
1527 1629 1722 1680 Augures

302 1719 397 1746 eam
460 1703 658 1745 demoliri
740 1707 957 1756 cogerent.
1104 1702 1123 1759 ΙΙ
1148 1703 1229 1744 Sex
1312 1703 1450 1744 Vestae
1527 1702 1720 1744 sacerdo-

303 1786 366 1823 tes
429 1784 673 1823 consutum
738 1783 850 1830 sunt,
914 1784 962 1821 ut
1024 1782 1213 1834 populus
1275 1794 1352 1834 pro
1406 1794 1486 1821 sua
1549 1794 1721 1834 quaque

303 1862 426 1913 parte
509 1858 689 1899 haberet
772 1859 1021 1899 ministram
1111 1872 1344 1907 sacrorum,
1410 1858 1511 1911 quia
1573 1857 1722 1898 civitas

319 1938 500 1977 {Omana
582 1936 626 1975 111
709 1949 780 1975 sex
864 1938 926 1975 est
1007 1934 1240 1976 distributa
1306 1935 1458 1987 partis.
1522 1934 1568 1974 in
1632 1934 1718 1987 pri-

302 2025 398 2052 mos
430 2012 732 2064 secundosque
767 2011 995 2055 Titienses,
1039 2012 1248 2058 Ramnes,
1284 2011 1485 2051 Luceres
1609 2008 1719 2064 11811-

255 2089 443 2129 3111111111
527 2102 626 2128 cum
712 2088 803 2129 sale
867 2089 913 2128 in
976 2101 1132 2128 mensa
1214 2100 1376 2140 ponere
1452 2086 1595 2139 figulis
1658 2100 1720 2125 re-

303 2166 455 2218 ligioni
508 2165 708 2213 habetur,
764 2164 878 2217 quod
932 2163 1154 2217 quondam
1207 2165 1253 2204 in
1305 2163 1531 2216 Esquilina
1584 2162 1720 2214 regio-

303 2256 357 2283 ne
420 2241 568 2294 figulo,
633 2254 731 2281 cum
791 2240 943 2281 fornax
996 2240 1127 2292 plena
1188 2253 1391 2280 vasorum
1455 2242 1723 2290 coqueretur,

305 2321 432 2371 atque
467 2317 540 2357 ille
593 2317 788 2370 proxime
853 2331 949 2358 eam
1014 2316 1286 2364 convivatus,
1349 2329 1479 2368 super
1540 2314 1721 2355 modum

303 2400 445 2447 potus,
511 2406 667 2433 somno
723 2395 835 2433 esset
899 2405 1132 2445 oppressus
1196 2406 1293 2433 cum
1357 2392 1550 2432 convivis
1614 2391 1721 2440 suis,

302 2468 554 2523 praeteriens
639 2469 818 2520 quidam
900 2468 1122 2521 petulans,
1207 2470 1319 2508 ostio
1403 2470 1595 2520 patente,
1674 2481 1723 2507 ex

305 2560 457 2586 mensa
531 2546 721 2587 salinum
806 2545 957 2584 coiecit
1018 2546 1064 2584 in
1126 2544 1377 2584 fornacem:
1461 2545 1588 2596 atque
1650 2543 1722 2589 ita,

304 2623 506 2663 incendio
611 2624 807 2669 excitato,
910 2620 1069 2673 figulus
1173 2634 1272 2660 cum
1374 2620 1464 2659 suis
1547 2632 1721 2659 concre-

305 2702 447 2739 matus
481 2702 557 2739 est.
651 2696 670 2753 ss
687 2698 1032 2745 Sacramentum,
1093 2710 1149 2736 aes
1198 2696 1426 2748 significat,
1461 2695 1576 2748 quod
1633 2709 1722 2748 po*-

305 2781 399 2816 nei
465 2774 644 2815 nomine
707 2773 924 2827 penditur,
989 2773 1075 2813 sive
1140 2785 1189 2812 eo
1254 2772 1351 2825 quis
1413 2773 1719 2823 interrogatur.
