2072 3222
344 145 422 184 122
486 153 694 184 (11111014.
769 154 889 180 FESTI
914 152 1300 180 FRAG]1.EXAPOGR.
1318 151 1444 179 L.X11.
1670 149 1700 173 Ρ.
1718 147 1768 173 142
1782 147 1819 173 Μ.

344 979 379 1003 10

348 1356 382 1380 15

351 1741 386 1765 20

354 2119 388 2143 25

358 2503 393 2528 80

410 270 428 327 ΙΙ
463 271 723 324 Mamphula
757 269 1002 322 appellatur
1035 282 1124 321 pan
1150 300 1158 308 .
1185 299 1193 307 .
1220 299 1227 306 .
1254 266 1415 321 Syriaci
1450 280 1599 319 genus,
1635 265 1762 319 quod,

410 351 457 388 ut
511 349 569 388 ait
634 347 817 395 Verrius,
882 347 927 386 in
991 345 1162 386 elibano
1226 348 1463 397 antequam
1524 356 1762 396 percoqua-

410 426 491 473 tur,
536 423 691 463 decidit
724 422 770 462 in
817 422 1022 462 carbones
1067 421 1356 473 cineremque,
1401 419 1522 459 ouius
1565 418 1765 459 meminit

412 498 626 539 Lucilius:
686 498 935 538 «Pistricem
974 496 1119 537 valida
1145 502 1177 545 ξπ,
1228 497 1263 535 si
1307 495 1477 535 nummi
1520 493 1764 548 suppedita-

410 575 534 623 bunt,
560 573 694 615 addas
719 573 993 626 empleuron,
1018 570 1296 625 mamphulas
1321 584 1431 624 quae
1455 570 1562 610 sciat
1581 570 1759 609 omnis.»

413 649 432 706 ΙΙ
456 650 680 703 Municeps
723 655 799 698 est,
854 652 901 689 ut
944 649 1003 689 ait
1046 648 1193 688 Aelius
1237 646 1405 696 Gallus,
1452 647 1523 699 (1111
1575 647 1621 685 111
1669 659 1763 685 mu-

414 727 572 779 nicipio
599 726 709 766 liber
740 728 868 766 natus
904 728 980 765 est.
1020 725 1129 764 Item
1166 724 1239 776 qui
1274 737 1322 763 ex
1365 723 1449 763 alio
1492 735 1648 773 genere
1692 721 1765 761 ho-

412 803 583 843 minum
625 816 783 842 munus
820 802 993 842 functus
1043 804 1120 841 est.
1164 800 1276 840 Item
1327 800 1399 853 qui
1442 799 1485 839 in
1529 798 1766 851 municipio

416 893 465 919 ex
508 881 709 919 servitute
754 892 797 918 se
841 877 1041 918 liberavit
1084 891 1107 916 a
1150 877 1384 929 municipe.

797 1111 851 1149 At
905 1108 1077 1149 Servius
1125 1107 1239 1147 filius
1283 1106 1421 1147 aiebat
1463 1105 1584 1146 initio
1627 1104 1770 1153 fuisse,

418 1187 491 1238 qui
535 1199 585 1226 ea
631 1184 882 1225 conditione
927 1184 1037 1224 cives
1074 1183 1275 1231 fuissent,
1322 1184 1369 1222 ut
1412 1195 1582 1234 semper
1633 1194 1769 1233 remp.

417 1261 647 1314 separatim
692 1274 717 1301 a
749 1260 911 1314 populo
953 1262 1029 1301 Ro.
1068 1259 1287 1307 haberent,
1325 1258 1558 1305 Cumanos,
1596 1261 1769 1298 Acerra—

417 1352 508 1387 nos,
544 1337 783 1385 Atellanos,
814 1337 888 1390 qui
922 1350 1057 1389 aeque
1093 1369 1100 1376 .

419 1491 437 1547 ΙΙ
461 1492 605 1533 Mutas
652 1491 815 1544 quasi†
853 1505 873 1531 e
909 1490 1060 1530 litteris
1108 1490 1348 1544 appellatas
1392 1487 1570 1541 quidam
1600 1489 1770 1539 putant,

421 1568 535 1622 quod
588 1568 753 1621 positae
798 1568 843 1608 in
896 1567 1063 1607 ultimis
1109 1566 1303 1619 partibus
1359 1565 1567 1606 orationis
1621 1564 1771 1604 obmu-

420 1649 576 1686 tescere
660 1646 815 1697 cogant
897 1644 1165 1696 loquentem.
1230 1641 1407 1695 quidam
1487 1640 1600 1694 quod
1675 1653 1770 1693 par-

421 1735 497 1761 vae
561 1721 822 1772 exiguaeque
886 1720 971 1758 sint
1033 1718 1160 1767 vocis,
1243 1722 1291 1758 ut
1353 1717 1527 1771 quando
1603 1720 1772 1758 mutum

422 1801 636 1838 oratorem
704 1801 778 1836 aut
844 1796 1096 1848 tragoedum
1152 1795 1346 1835 dicimus.
1528 1792 1546 1849 ΙΙ
1588 1795 1773 1835 Multam

424 1874 575 1921 Osci†
630 1873 709 1913 (1101
772 1876 928 1927 putant
991 1885 1179 1925 poenam
1254 1871 1444 1924 quidam.
1506 1872 1562 1911 M.
1639 1871 1773 1911 Varro

424 1951 484 1990 ait
534 1963 722 2003 poenam
768 1962 870 1998 esse,
931 1949 1004 1989 sed
1058 1948 1366 2002 pecuniariam,
1432 1947 1482 1987 de
1537 1961 1622 2000 qua
1674 1947 1772 1986 sub-

423 2028 554 2068 tiliter
588 2026 631 2066 in
678 2026 706 2065 l.
752 2027 783 2066 1.
834 2025 1139 2078 quaestionum
1196 2023 1333 2076 Epist.
1379 2023 1521 2064 refert.
1625 2021 1643 2078 ΙΙ
1667 2023 1774 2063 Mul-

423 2103 513 2143 leos
605 2116 740 2155 genus
835 2102 1074 2142 calceorum
1177 2103 1299 2140 aiunt
1401 2113 1491 2140 esse
1507 2115 1515 2147 ;
1619 2099 1776 2152 quibus

426 2194 546 2232 reges
638 2180 907 2220 Albanorum
990 2179 1129 2231 primi,
1207 2177 1361 2217 deinde
1438 2176 1605 2229 patricii
1675 2177 1778 2215 sunt

428 2257 508 2297 usi.
570 2256 627 2296 M.
682 2255 785 2297 Cato
840 2256 1056 2306 originum
1110 2254 1151 2294 li.
1206 2253 1326 2293 VIL:
1398 2253 1500 2303 «Qui
1551 2254 1774 2304 magistra-

427 2336 520 2373 tum
583 2331 786 2373 Cui-ulem
850 2330 1046 2382 cepisset,
1109 2330 1274 2370 calceos
1352 2328 1536 2369 mulleos
1600 2327 1776 2369 allitaci-

429 2410 571 2449 niatos
595 2414 626 2456 1,
659 2409 786 2447 ceteri
809 2408 986 2460 peronei
1010 2412 1065 2453 †.»
1093 2406 1199 2447 Item
1225 2405 1412 2446 Titinius
1450 2405 1495 2444 in
1532 2403 1778 2449 Seriana:†

434 2485 549 2525 «lam
573 2498 671 2525 eum
694 2483 903 2523 mullibus
928 2492 943 2518 'r
979 2485 1020 2523 te
1055 2481 1297 2530 ostendisti,
1334 2495 1443 2534 quos
1480 2480 1672 2527 tibiam†
1703 2480 1777 2525 511ι

430 2562 596 2602 calceos
619 2566 672 2599 4.»
756 2572 862 2612 quos
924 2561 1091 2611 putas³jr
1155 2571 1179 2598 a
1242 2557 1473 2598 mullando
1538 2556 1673 2596 dictos
1737 2557 1776 2595 .i.

430 2637 611 2678 suendo.
936 2631 955 2688 ΙΙ
978 2634 1262 2675 Multifariain
1327 2632 1527 2673 dixerunt
1589 2631 1772 2684 antiqui,

432 2713 659 2760 videlicet,
739 2710 853 2764 quod
925 2712 971 2750 in
1046 2710 1194 2750 multis
1268 2710 1373 2749 locis
1448 2708 1528 2748 fari
1595 2710 1777 2760 poterat.
