2072 3222
267 172 317 200 147
848 171 971 198 PAULI
1003 171 1229 198 EXCERPTA.
1663 155 1674 193 1
1690 158 1712 195 :3
1726 158 1734 196 1

264 592 532 643 Magnum
566 602 774 633 annum
803 590 951 631 dicunt
981 590 1291 640 mathematici,
1329 604 1414 643 quo
1448 593 1613 644 septem

323 668 463 709 sidera
485 669 674 709 errantia
697 667 877 721 expletis
900 668 1084 720 propriis
1108 667 1303 708 cursibus
1321 667 1495 708 sibimet
1513 680 1612 707 con-

323 744 514 786 cordant.

263 892 486 933 Medius
544 890 706 932 fidius
750 892 1024 944 conpositum
1078 891 1246 930 videtur
1289 892 1329 930 et
1371 890 1613 943 significare

323 970 432 1011 lovis
455 969 584 1017 filius,
603 968 645 1009 id
664 969 727 1010 est
743 968 965 1017 Hercules,
984 967 1097 1021 quod
1118 968 1265 1008 Iovem
1289 965 1449 1007 Graece
1482 965 1558 1006 Δία
1577 969 1616 1007 et
1678 984 1691 1007 5

323 1060 403 1086 nos
420 1047 579 1095 Iovem,
599 1058 647 1085 ac
669 1044 821 1085 fidium
845 1057 922 1097 pro
955 1043 1057 1093 filio,
1093 1043 1206 1096 quod
1236 1056 1363 1096 saepe
1388 1045 1515 1083 antea
1538 1056 1613 1096 pro

322 1122 356 1162 L
376 1114 521 1163 littera
544 1122 581 1161 D
605 1122 854 1162 utebantur.
891 1120 1075 1170 Quidam
1111 1120 1358 1160 existimant
1398 1120 1613 1160 iusiuran-

323 1198 426 1239 dum
444 1212 534 1239 esse
552 1212 628 1251 per
645 1198 730 1238 divi
752 1197 905 1246 fidem;
932 1195 1108 1249 quidam
1132 1209 1206 1249 per
1229 1195 1371 1236 diurni
1395 1195 1612 1249 temporis,

323 1275 365 1316 id
389 1278 452 1316 est
474 1274 571 1323 diei,
594 1274 738 1315 fidem.

266 1352 512 1393 Mortem
547 1351 730 1392 obisse
755 1364 805 1392 ea
840 1349 1154 1392 consuetudine
1186 1349 1353 1398 dicitur,
1392 1363 1476 1401 qua
1500 1348 1612 1388 dixe·
1679 1372 1710 1394 ῃ.

323 1431 425 1469 runt
447 1428 613 1481 antiqui
636 1425 683 1469 ab
708 1424 888 1469 Romam
915 1424 1093 1482 [essiones
1117 1423 1276 1475 ductas,
1304 1428 1344 1466 et
1365 1422 1413 1467 ab
1440 1421 1611 1467 Troiam

324 1503 446 1546 duruit
490 1503 712 1546 exercitum
759 1518 837 1557 pro
882 1503 948 1553 ad,
993 1503 1273 1556 similiterque
1321 1499 1610 1544 cadimmn'nm

323 1578 452 1622 ‹⁷›b‘z'ssa'
476 1580 672 1629 dicimus,
704 1579 746 1619 id
778 1581 839 1619 est
862 1578 915 1620 ad
939 1579 1239 1620 vadimonium
1264 1579 1357 1627 isse,
1383 1580 1423 1618 et
1445 1575 1611 1619 «duriam

324 1657 376 1697 ad
409 1659 538 1697 Viam.

265 1734 501 1774 Manues
526 1733 728 1773 Aurelius
746 1732 986 1785 significare
1005 1734 1064 1772 ait
1080 1732 1228 1772 bonos
1252 1731 1374 1772 Unde
1394 1728 1440 1772 di
1474 1744 1615 1772 manes
1680 1748 1711 1770 15

324 1824 399 1863 pro
438 1810 545 1850 boni
594 1810 796 1850 dicuntur
834 1823 858 1849 a
896 1809 1148 1862 suppliciter
1186 1822 1256 1849 eos
1294 1807 1614 1856 venerantibus,

323 1889 499 1940 propter
521 1889 687 1927 metum
709 1887 870 1934 mortis,
895 1889 942 1926 ut
978 1884 1172 1927 inmanes
1197 1897 1365 1938 quoque
1390 1898 1466 1937 pro
1490 1883 1615 1924 valde

328 1977 417 2005 non
440 1963 566 2004 bonis
590 1963 801 2004 dicuntur.

265 2039 594 2081 Muscerdas
629 2040 770 2093 prima
804 2040 975 2093 syllaba
1008 2039 1214 2093 producta
1247 2041 1405 2079 stercus
1443 2051 1615 2078 murum

324 2116 563 2170 appellant.
1680 2136 1713 2158 20

266 2192 514 2244 Mapalia
548 2206 669 2233 casae
704 2193 917 2233 Poenicae
954 2192 1246 2246 appellantur,
1270 2192 1315 2231 in
1338 2190 1492 2243 quibus
1517 2190 1616 2242 quia

325 2269 434 2309 nihil
469 2272 530 2309 est
564 2269 729 2315 secreti,
769 2269 878 2309 solet
915 2268 957 2308 id
994 2268 1254 2308 vocabulum
1298 2267 1434 2307 solute
1476 2267 1615 2307 viven—

324 2346 440 2386 tibus
477 2346 598 2386 obici.
639 2344 750 2386 Sunt
788 2345 905 2386 enim
941 2345 1131 2398 mapalia
1166 2344 1287 2396 quasi
1321 2343 1517 2384 cohortes
1551 2357 1616 2383 ro-

324 2422 498 2463 tundae.

265 2498 486 2539 Metalli
520 2497 722 2539 dicuntur
765 2499 809 2538 in
856 2513 900 2539 re
937 2497 1113 2538 militari
1159 2498 1282 2549 quasi
1316 2496 1615 2536 mercennarii.
1680 2522 1712 2545 25

324 2575 476 2615 Accius
511 2575 556 2614 in
595 2574 865 2615 Annalibus:
909 2573 1116 2614 «Calones
1154 2573 1392 2624 famulique
1431 2572 1616 2613 metalli—

325 2664 406 2703 que
444 2651 756 2704 caenia-equam
797 2665 821 2691 a
857 2664 938 2703 quo
963 2664 1115 2702 genere
1151 2649 1380 2689 hominum
1406 2647 1614 2688 Caeciliae

324 2726 514 2767 familiae
539 2740 781 2778 cognomen
804 2728 981 2780 putatur
1006 2726 1197 2766 ductum,
