2072 3222
608 835 1164 897 PRAEFATIO.

237 1157 288 1198 In
319 1169 500 1196 numero
532 1154 727 1196 codicum
760 1153 861 1194 011111
894 1152 1161 1194 bibliotheca)
1197 1151 1478 1201 Corvinianae,
1529 1163 1635 1204 quos

150 1253 265 1280 anno
298 1248 596 1278 MDcooLxxvn.
631 1236 823 1278 ABDUL
851 1234 1042 1276 HAMID
1072 1234 1124 1275 Π.
1163 1232 1508 1275 Gloriosissimus
1530 1233 1632 1273 Tur-

150 1334 296 1362 carum
318 1321 557 1374 Imperator
577 1317 856 1359 Universitati
880 1317 1121 1358 litterarum
1141 1315 1504 1369 Budapestinensi
1522 1314 1634 1355 dono

151 1402 309 1453 dedit,*
350 1403 530 1444 refertur
575 1401 704 1442 etiam
748 1400 879 1441 codex
934 1398 1075 1440 «Sexti
1117 1398 1295 1450 Pompei
1337 1397 1454 1439 Festi
1498 1397 1635 1447 (Pauli

150 1485 346 1535 Diaconi)
380 1484 510 1526 libros
532 1483 582 1524 de
616 1483 844 1524 verborum
868 1481 1201 1535 significatione»
1231 1480 1473 1529 continens,
1507 1493 1635 1532 quem

152 1567 258 1609 adeo
280 1567 334 1608 ad
356 1580 424 1607 me
446 1566 658 1620 pertinere
682 1564 844 1618 putavi,
878 1566 926 1605 ut
955 1576 1055 1604 eum
1078 1561 1187 1603 1111111
1216 1561 1521 1603 excutiendum
1545 1575 1636 1601 esse

153 1649 472 1698 constituerem,
506 1661 589 1702 quo
611 1647 725 1688 facto
748 1646 853 1688 illud
877 1646 984 1687 mihi
1005 1644 1201 1698 persuasi
1224 1668 1280 1673 —
1302 1643 1345 1684 id
1368 1643 1483 1696 quod
1506 1643 1635 1684 etiam

154 1732 228 1773 alii
265 1731 486 1773 occasione
520 1730 620 1771 data
656 1730 938 1770 observarunt
973 1753 1028 1757 ——
1065 1726 1289 1781 apparatui
1312 1726 1456 1767 critico
1479 1725 1634 1767 Linde-

153 1814 390 1855 manniano
409 1813 644 1854 sublestam
660 1812 835 1853 omnino
853 1810 984 1852 fidem
1003 1809 1260 1858 habendam,
1277 1808 1458 1861 ideoque
1474 1807 1638 1848 codices

153 1896 295 1938 adhuc
331 1898 453 1937 notos
488 1894 629 1936 denuo
665 1898 860 1935 accurate
895 1892 1175 1934 conferendos
1210 1894 1251 1932 et
1285 1891 1400 1931 Festi
1423 1890 1637 1942 Paulique

153 1979 381 2020 verborum
404 1991 497 2030 quae
520 1976 678 2018 tradita
696 1980 798 2017 sunt
815 1974 1213 2017 constituendorum
1232 1986 1361 2014 causa
1382 1972 1510 2013 etiam
1531 1972 1637 2012 alios

154 2060 296 2101 adhue
319 2060 488 2113 ignotos
510 2059 554 2100 in
576 2060 718 2100 lucem
741 2057 1053 2112 protrahendos
1078 2071 1181 2098 esse.

243 2142 323 2183 His
346 2141 712 2183 observationibus
735 2141 850 2182 Festi
867 2140 1071 2193 Paulique
1090 2139 1223 2179 libros
1242 2139 1291 2178 ut
1307 2137 1477 2179 ederem
1497 2136 1576 2176 den
1585 2149 1638 2176 110

155 2224 384 2266 recensitos
422 2224 618 2277 inpulsus
656 2237 766 2273 sum,
805 2237 854 2263 eo
891 2221 1164 2275 potissimum
1200 2219 1388 2267 consilio,
1423 2222 1470 2260 ut
1504 2219 1636 2260 talem

251 2399 273 2420 ³³<
297 2399 402 2432 Inter
427 2398 495 2431 hos
521 2401 557 2431 et
586 2398 678 2431 alios
705 2397 908 2430 eorundem
936 2398 1131 2429 auctorum
1159 2394 1303 2428 codices
1330 2404 1503 2437 quaenani
1529 2394 1641 2425 inter-

156 2456 303 2491 cederet
329 2456 595 2495 neccessitudo‚
631 2456 827 2499 diligenter
853 2455 1081 2489 examinavit
1107 2453 1298 2496 Eugenius
1324 2440 1419 2485 Abel
1454 2451 1641 2494 (uem-vin-

157 2515 352 2549 codexek».
379 2515 623 2559 Budapestini
652 2515 751 2548 1879.
780 2517 817 2548 et
847 2514 935 2546 «Die
964 2511 1178 2545 Bibliothek
1212 2510 1275 2544 des
1301 2511 1442 2554 Konigs
1481 2510 1641 2542 Mathias

159 2575 360 2608 Corvinus»
390 2575 428 2607 in
447 2574 485 2606 P.
505 2574 702 2607 Hunfalvii
725 2571 993 2606 «Literarische
1012 2569 1185 2604 Berichte
1204 2580 1271 2603 aus
1290 2569 1463 2612 Ungarnu
1487 2568 1557 2601 vol.
1579 2568 1642 2600 H.»

159 2634 223 2676 qui
248 2634 363 2667 etiam
399 2633 581 2668 nonnulla
620 2632 665 2665 ad
703 2630 1014 2674 bibliographian]
1053 2629 1190 2662 horum
1228 2627 1399 2661 codicum
1438 2627 1644 2670 spectantia

157 2691 294 2725 attulit.
324 2691 428 2725 Conf.
467 2692 518 2724 «A
556 2690 751 2734 budapesti
791 2701 840 2722 111.
881 2689 946 2722 kir.
987 2688 1171 2731 egyetemi
1198 2685 1383 2730 konyvtz'zr
1420 2684 1642 2718 codexeinek

159 2748 451 2793 czimjegyzeke»
497 2749 708 2792 (Catalogus
748 2748 918 2782 codicum
956 2747 1081 2789 Hung.
1122 2745 1211 2788 Reg.
1248 2744 1509 2779 Universitatis
1547 2743 1642 2776 litte-

156 2819 284 2841 rarum
311 2808 654 2852 Budapestinensis)
683 2807 874 2849 Budapest
905 2805 1006 2839 1881.
1033 2815 1093 2848 pp.
1124 2804 1248 2838 1—17.
