2072 3222
318 116 403 156 394·
453 127 508 156 QU.
523 126 606 150 XIII.
621 123 665 150 ΞΟ.
717 125 839 153 FESTI
854 124 1011 151 FRAGM.
1027 125 1053 151 E
1068 123 1161 150 COD.
1178 121 1301 149 FARN.
1317 122 1356 149 L.
1371 121 1473 148 XVII.
1748 117 1801 143 282

389 244 513 290 nant,
602 242 775 294 reptent
789 245 819 288 †.
903 239 1075 279 Ennius
1137 239 1165 280 l.
1239 237 1298 279 L:
1404 236 1616 283 «desunt†
1686 236 1802 276 rivos

388 331 650 372 camposque
751 318 925 357 remant
937 321 993 363 ψ.»
1113 312 1132 370 ΙΙ
1154 313 1302 355 Refert
1402 326 1501 353 cum
1603 312 1802 360 dicimus,

389 407 530 435 errare
597 407 677 435 nos
755 395 815 434 ait
879 392 1069 434 Verrius.
1149 405 1240 433 esse
1319 390 1437 431 enim
1507 391 1675 430 rectum
1741 388 1803 428 rei

388 473 505 520 fer,†
581 470 725 512 dativo
799 470 974 519 scilicet,
1067 483 1157 509 non
1250 467 1440 508 ablativo
1530 479 1647 507 casu.
1729 464 1814 513 sed?

337 565 350 588 5
387 562 478 589 esse
560 548 647 588 iam
736 560 819 587 usu
912 559 1176 600 possessum.
1259 541 1524 599 “Ridiculus
1597 541 1804 595 proprie†

389 625 557 673 dicitur,
639 624 714 677 qui
790 625 837 663 in
914 623 1044 663 rebus
1106 621 1308 674 turpibus
1373 619 1551 660 ridetur.
1628 617 1803 659 LIBER

388 700 525 742 XVII.
668 699 832 741 SEXTI
972 697 1185 739 POMPEI
1324 695 1489 736 FESTI
1630 693 1805 735 LIBER

387 776 548 818 XVIII.

318 942 353 966 10
389 927 407 985 ΙΙ
438 928 651 978 «RIDEO,
865 927 1059 978 INQUIT
1273 925 1463 967 GALBA
1679 924 1804 966 CAN-

390 1008 499 1047 terio
509 1021 522 1042 »
686 1004 964 1058 proverbium
1121 1006 1198 1054 est,
1356 1003 1468 1056 quod
1626 1001 1808 1042 Sinnius

392 1082 546 1136 Capito
709 1082 770 1122 ita
941 1081 1265 1134 interpretatur,
1437 1080 1520 1119 nisi
1546 1084 1563 1118 ῆι
1734 1080 1808 1130 qui

390 1159 606 1213 principio
737 1159 799 1198 rei
931 1157 1114 1198 alicuius
1246 1156 1459 1196 inchoatae
1600 1154 1808 1195 deficiunt

392 1236 549 1276 animo.
648 1234 867 1288 Sulpicius
966 1234 1120 1281 Galba,
1219 1246 1317 1273 cum
1409 1234 1455 1272 in
1536 1230 1807 1285 provinciam

322 1329 356 1353 15
392 1312 551 1359 exiens,
617 1311 671 1352 ad
734 1313 908 1364 portam
972 1312 1112 1364 ipsam
1178 1310 1419 1351 canterium
1483 1322 1610 1348 suum
1673 1309 1808 1348 anim-

394 1389 649 1430 advertisset
780 1387 983 1429 cecidisse
1001 1403 1009 1427 :
1151 1386 1271 1427 rideo
1435 1386 1578 1438 inquit
1709 1397 1807 1425 can-

394 1467 561 1507 teritaeJr
636 1466 723 1506 iam
786 1465 951 1506 lassum
1015 1478 1119 1511 esse,
1186 1476 1284 1503 cum
1349 1466 1439 1503 tam
1492 1463 1674 1514 longum
1729 1461 1810 1501 iter

393 1544 549 1592 itum&
680 1544 749 1582 vix
859 1541 903 1581 id
1011 1542 1067 1581 sis
1180 1540 1412 1592 ingressus.
1525 1536 1544 1593 ΙΙ
1566 1537 1810 1579 Retricibus

394 1634 491 1662 cum
546 1621 604 1662 ait
657 1619 761 1661 Cato
824 1619 868 1659 in
921 1633 983 1669 ea,
1047 1632 1179 1671 quam
1233 1616 1413 1666 scribsit,
1481 1629 1580 1656 cum
1633 1614 1808 1655 edisser-

323 1705 357 1729 20
393 1697 500 1738 tavit
610 1696 737 1736 Fulvi
860 1695 1096 1736 Nobilioris
1221 1693 1476 1742 Censmam,
1596 1689 1809 1744 significa-

392 1776 436 1814 ta
459 1779 476 1806 4
535 1778 707 1826 quam†
758 1786 808 1813 eo
862 1772 1057 1821 nomine,
1114 1785 1206 1823 quae
1263 1773 1327 1810 est
1379 1782 1513 1822 supra
1564 1769 1679 1808 viam
1733 1768 1807 1807 Ar-

394 1850 612 1891 deatinam
665 1850 777 1890 inter
829 1849 1021 1902 lapidem
1074 1847 1328 1895 secundum,
1390 1849 1431 1887 et
1482 1845 1669 1886 tertium.
1725 1857 1811 1897 qua

393 1927 674 1978 inrigantur4
766 1926 881 1966 horti
964 1925 1078 1966 infra
1151 1926 1265 1965 viam
1376 1922 1660 1964 Ardeatinam
1769 1923 1812 1961 et

396 2003 642 2044 Asinariam
709 2016 844 2056 usque
912 2002 966 2043 ad
1035 2003 1252 2042 Latinam.
1322 1998 1341 2055 ΙΙ
1363 1998 1659 2053 Recepticium
1723 2011 1808 2037 ser-

325 2094 359 2118 25
393 2094 510 2129 vum,
577 2080 680 2122 Cato
747 2081 793 2120 in
860 2079 1062 2120 suasione
1129 2079 1236 2131 legis
1302 2076 1506 2118 Voconiae
1576 2089 1674 2115 cum
1738 2074 1810 2121 ait,

397 2156 625 2209 significat,
707 2156 780 2209 qui
863 2155 918 2196 ob
995 2155 1149 2195 vitium
1226 2153 1470 2195 redhibitus
1547 2152 1600 2193 sit
1616 2167 1623 2191 :
1713 2167 1727 2186 «ι
1737 2150 1812 2190 ubi

397 2234 507 2274 irata
607 2233 720 2274 facta
821 2234 899 2281 est,
1009 2244 1176 2271 servum
1279 2230 1557 2283 recepticium
1658 2227 1813 2267 sectari

398 2313 526 2362 atque
638 2309 830 2361 flagitare
943 2310 1083 2348 virum
1189 2306 1347 2347 iubet.»
1465 2302 1483 2359 ΙΙ
1506 2305 1646 2356 Rogat
1747 2303 1813 2342 est

398 2386 586 2426 consulit
637 2385 862 2438 populum,
918 2384 1020 2430 vei³r
1073 2383 1183 2435 petit
1247 2382 1301 2423 ab
1367 2395 1430 2428 eo,
1499 2382 1548 2420 ut
1610 2378 1653 2418 id
1712 2380 1811 2418 scis-

326 2480 363 2503 30
397 2466 480 2511 cat,
548 2461 662 2514 quod
734 2462 856 2501 ferat.
930 2459 1045 2500 unde
1119 2472 1200 2499 nos
1276 2471 1448 2510 quoque
1521 2455 1567 2496 in
1631 2467 1811 2495 consue-

397 2538 549 2579 tudine
631 2538 844 2578 habemus
930 2550 1008 2590 pro
1103 2537 1264 2588 petere,
1362 2536 1403 2574 et
1485 2545 1620 2572 orare.
1703 2529 1808 2571 Cato

398 2616 442 2655 in
546 2614 828 2664 dissuasione,
941 2627 995 2653 ne
1098 2612 1167 2652 lex
1269 2610 1417 2651 Baebia
1518 2608 1809 2660 derogaretur,

399 2691 478 2731 ait:
550 2691 656 2731 «hoc
707 2691 850 2743 potius
902 2702 1042 2741 agam,
1107 2687 1221 2740 quod
1274 2686 1343 2726 hic
1395 2686 1557 2738 rogat.»
1619 2681 1637 2738 ΙΙ
1662 2683 1813 2723 Restat
