2072 3222
280 132 364 171 540
428 144 485 173 Qu.
500 142 559 166 xv.
572 140 616 166 32.
699 142 820 169 FESTI
835 142 992 170 FRAGM.
1008 143 1035 169 E
1049 141 1142 168 con.
1158 140 1282 168 FARN.
1298 141 1335 168 L.
1352 140 1488 168 xv1111.
1597 139 1628 164 P.
1649 137 1701 163 356
1721 137 1757 164 M.

350 262 418 300 cat
536 271 722 308 remum,
845 256 962 310 quod
1085 258 1208 310 quasi
1320 255 1558 297 tondeatur
1647 257 1759 296 ferro

350 350 448 376 eum
511 335 571 376 ait
631 335 658 376 l.
724 334 845 376 VIL:
915 334 1149 382 «Postere†
1225 333 1413 374 oumbite
1437 339 1473 384 †,
1533 333 1759 385 vestraque

348 414 526 465 pectora
605 411 753 464 pellite
833 411 1011 453 tonsis.»
1098 411 1226 451 item:
1328 409 1469 451 «Pone
1488 415 1505 456 Τ
1589 411 1759 462 petunt,

349 488 459 529 exim
573 487 769 528 referunt
879 487 932 527 ad
1023 489 1202 540 pectora
1294 489 1486 526 tonsas.»
1584 487 1625 526 et
1714 486 1761 525 in

298 583 310 606 5
346 567 554 610 nasota†:
665 564 812 605 «Alius
906 566 953 604 in
1048 563 1157 603 mari
1239 562 1331 603 vult
1392 575 1551 615 magno
1613 564 1758 602 tenere

349 644 562 682 tonsam.»
788 638 806 696 ΙΙ
834 639 1131 693 Thymbreum
1213 639 1464 692 Apollinem
1545 638 1759 691 Vergilius

349 732 374 759 a
455 720 605 758 monte
697 717 946 770 Thymbreo
1039 715 1290 769 appellavit,
1396 715 1470 768 qui
1572 717 1636 756 est
1716 716 1762 755 in

349 807 451 847 agro
515 793 716 835 Troiano.
839 790 1101 848 HTolenno†
1184 793 1248 833 est
1309 804 1446 844 genus
1534 790 1763 840 machinae,

348 884 432 924 quo
534 870 721 911 trahitur
827 883 954 923 aqua,
1037 869 1219 910 alteram
1329 871 1500 921 partem
1580 881 1763 921 praegra-

280 964 312 988 10
345 950 473 988 vante
564 945 769 1000 pondere,
865 945 1003 986 dictus
1096 959 1122 987 a
1213 944 1425 986 tollendo.
1547 942 1566 999 ΙΙ
1588 943 1760 985 Tolera-

347 1038 405 1070 re,
508 1025 722 1077 patienter
840 1023 962 1064 ferre.
1052 1024 1205 1064 Accius
1309 1021 1354 1061 in
1452 1020 1736 1075 Neoptolemo
1754 1035 1762 1060 ε

355 1104 465 1143 «Aut
479 1108 496 1149 †
621 1102 851 1155 quisquam
963 1101 1076 1155 potis
1169 1103 1232 1142 est
1322 1101 1507 1142 tolerare
1611 1101 1763 1140 acritu-

349 1178 533 1220 dinem.»
602 1178 771 1219 Ennius
816 1179 843 1220 l.
867 1179 945 1220 IL:
996 1179 1149 1219 «Ferro
1194 1192 1238 1219 se
1283 1177 1396 1219 oaede
1420 1183 1453 1227 πθ,
1500 1190 1632 1230 quam
1677 1176 1760 1217 dic-

348 1255 401 1296 tis
484 1255 564 1302 his,
648 1255 893 1296 toleraret.»
1043 1253 1061 1310 ΙΙ
1087 1254 1214 1295 Toles
1313 1257 1459 1295 tumor
1540 1254 1587 1293 in
1667 1253 1761 1295 fau-

274 1347 311 1373 215
347 1332 482 1381 cibus,
546 1345 640 1385 quae
723 1345 800 1385 per
867 1332 1212 1372 deminutionem
1290 1330 1480 1371 tonsillae
1544 1330 1761 1371 (licuntur.

349 1406 367 1464 ΙΙ
386 1408 656 1456 Tullianum,
722 1408 836 1461 quod
912 1407 1067 1449 dicitur
1139 1421 1241 1461 pars
1304 1407 1504 1461 quaedam
1566 1407 1761 1455 Cameris,

349 1485 440 1526 Ser.
503 1485 694 1526 Tullium
776 1498 922 1538 regem
1012 1484 1244 1525 aedificasse
1327 1484 1464 1525 aiunt.
1587 1480 1605 1538 ΙΙ
1629 1483 1764 1525 Taxat

348 1562 529 1603 verbum
607 1561 786 1615 ponitur
847 1561 893 1602 in
956 1561 1022 1602 his
1036 1567 1067 1609 †,
1151 1574 1246 1614 quae
1328 1560 1556 1610 finiuntur,
1619 1558 1762 1613 quoad

348 1639 467 1692 tangi
579 1639 705 1680 liceat
725 1654 733 1687 ;
826 1638 873 1678 in
965 1637 1114 1678 litibus
1228 1651 1412 1690 quoque,
1507 1643 1524 1684 Τ
1547 1636 1763 1678 arbitrove

280 1734 313 1758 20
349 1730 446 1757 eum
523 1716 819 1770 proscribitur,
901 1714 1045 1768 quoad
1138 1715 1177 1755 ei
1268 1715 1423 1762 iussim
1529 1713 1763 1762 statuendi,

348 1793 510 1834 taxatio
573 1793 740 1840 dicitur,
796 1806 890 1846 quffi
953 1792 1001 1834 fit
1063 1795 1188 1833 oertae
1252 1804 1449 1832 summae.
1503 1805 1528 1832 a
1578 1793 1762 1843 tangen-

349 1869 403 1910 do
465 1872 612 1910 autem
696 1869 778 1910 dici
862 1871 992 1910 etiam
1075 1868 1233 1920 scenici
1314 1868 1567 1909 testimonio
1649 1870 1764 1917 sunt,

349 1946 423 1999 qui
485 1949 700 1987 taxatores
764 1945 981 1995 dicuntur,
1045 1945 1163 1998 quod
1209 1945 1318 1985 alter
1381 1944 1568 1985 alterum
1630 1944 1762 1984 male-

349 2022 471 2063 dictis
553 2023 708 2075 tangit.
889 2020 1227 2077 HTabernaoula
1308 2020 1513 2061 (licuntur
1594 2033 1619 2060 a
1708 2021 1762 2060 si-

281 2118 314 2142 25
351 2099 596 2140 militudine
736 2100 1034 2148 tabernarum,
1178 2111 1273 2151 quae
1395 2097 1512 2150 ipsae,
1648 2096 1765 2150 quod

351 2188 400 2215 ex
474 2175 633 2216 tabulis
717 2175 822 2216 olim
905 2174 1081 2221 fiebant,
1166 2173 1289 2215 diotae
1373 2175 1489 2223 sunt,
1565 2186 1657 2214 non
1719 2174 1766 2212 ut

352 2251 528 2304 quidam
611 2254 783 2304 putant,
860 2251 976 2304 quod
1037 2250 1199 2292 tabulis
1282 2249 1526 2291 eludantur.
1648 2245 1667 2303 ΙΙ
1683 2248 1762 2289 Ta·

350 2329 411 2380 git
473 2328 685 2370 Pacuvius
748 2327 793 2368 in
857 2328 1048 2369 Teuoro:
1137 2327 1219 2367 «Ut
1281 2340 1371 2378 ego,
1435 2325 1471 2366 si
1534 2325 1764 2379 quisquam

352 2418 420 2445 me
482 2405 627 2454 tagit.»
697 2406 737 2444 et
818 2407 965 2456 tagam
1027 2403 1141 2444 idem
1205 2403 1250 2443 in
1312 2402 1578 2443 Hermiona:
1654 2403 1764 2441 «Aut

283 2494 438 2521 3011011
501 2493 692 2529 cernam,
755 2481 841 2520 nisi
902 2483 1086 2533 tagam,»
1169 2479 1264 2520 sine
1328 2478 1459 2519 dubio
1522 2491 1574 2519 a.
1601 2511 1609 2518 .
1636 2490 1761 2518 ..ua

352 2556 670 2598 consuetudine
782 2557 1020 2610 usurpavit.
1125 2569 1228 2596 nam
1321 2568 1440 2595 nuno
1532 2568 1582 2595 ea
1672 2553 1764 2594 sine

351 2633 730 2686 praepositionibus
832 2646 922 2673 non
1005 2632 1220 2681 dicuntur,
1304 2634 1352 2671 ut
1428 2632 1619 2683 contigit,
1702 2632 1762 2671 at·

352 2710 458 2761 tigit.
503 2706 799 2764 ssTabiinum†
841 2710 1035 2762 proxime
1089 2709 1247 2749 atrium
1293 2708 1414 2748 loeus
1448 2707 1616 2754 (licitur,
1650 2705 1764 2759 quod

354 2786 526 2838 antiqui
628 2786 906 2839 magistratus
1009 2786 1054 2826 in
1158 2798 1236 2824 suo
1340 2783 1521 2837 imperio
1604 2782 1764 2823 tabulis
