2072 3222
148 2352 180 2385 79

233 169 342 196 73-700
633 170 688 199 DE
712 170 1054 200 SIGNIFICATIONE
1076 172 1317 201 vnnssoaum.
1655 162 1708 201 55

294 288 348 330 ad
370 288 639 342 sepulturam
662 287 865 328 ferendus
888 289 962 335 est,
984 301 1078 340 quae
1100 288 1146 330 fit
1167 303 1245 343 per
1267 292 1569 332 everriatorem
1592 292 1707 332 certo

293 372 450 412 genere
473 371 703 412 scoparum
727 356 934 407 adhibito,
957 358 1011 398 ab
1036 361 1151 400 extra
1173 360 1384 401 verrendo
1403 360 1629 402 dictarum.

233 430 470 481 Egretus
493 430 534 470 et
557 427 814 479 adgretus
850 442 899 468 ex
922 426 1072 469 Graeco
1095 431 1199 470 sunt
1220 430 1349 471 ducta
1382 445 1406 472 a
1428 432 1643 484 surgendo
1668 434 1708 472 et

292 498 619 554 proficiscendo.
643 498 767 539 Unde
791 500 833 539 et
856 496 1126 553 Ngsctegyresia
1153 502 1276 552 quasi
1299 502 1627 555 noctisurgium.

232 570 446 611 Eecere
472 568 753 610 iurisiurandi
775 572 851 618 est,
876 582 924 610 ac
947 571 982 610 si
1005 568 1172 610 dicatur
1185 584 1262 624 per
1285 570 1497 619 Cererem,
1522 574 1569 612 ut
1592 585 1704 613 ecas-
1749 589 1762 612 5

290 643 371 690 tor,
395 639 563 693 edepol.
587 640 672 680 Alii
694 652 824 682 eccere
846 653 924 693 pro
948 653 1043 681 ecce
1066 643 1257 694 positum
1280 641 1512 695 accipiunt.

231 711 437 753 Eamus
461 725 510 751 ex
533 711 681 752 Graeco
703 710 839 765 ἴωμεν.

230 782 516 834 Europam
538 781 709 823 tertiam
744 781 856 822 orbis
880 783 1048 834 partem
1072 783 1124 822 ab
1147 781 1336 835 Europa,
1372 783 1580 836 Agenoris
1603 783 1704 834 filia,

290 856 454 894 certum
491 854 554 893 est
577 853 802 906 appellari.
839 851 922 893 Sed
957 853 1031 892 alii
1066 852 1117 893 de
1152 866 1298 894 amore
1322 853 1434 894 Iovis
1458 853 1503 894 in
1531 855 1703 895 taurum

287 926 398 965 versi
432 926 637 965 narrant:
673 923 747 964 alii
781 937 876 964 eam
898 937 921 964 a
955 922 1231 976 praedonibus
1253 926 1436 977 raptam,
1473 926 1513 965 et
1535 937 1704 974 navem,
1728 942 1761 967 10

292 1008 387 1048 qu‘ae
410 995 525 1036 Iovis
547 994 743 1041 tutelam,
780 993 964 1047 effigiem
986 994 1113 1043 tauri,
1136 993 1349 1043 habuerit,
1382 995 1426 1034 in
1451 1007 1546 1035 eam
1568 996 1703 1047 regio-

286 1078 388 1105 nem
412 1078 503 1105 esse
527 1063 731 1106 delatam.
756 1064 943 1114 Quidam
967 1065 1019 1105 ob
1035 1063 1406 1117 pulchritudinem
1428 1065 1615 1117 regionis
1629 1078 1704 1118 per

286 1135 612 1177 simulationem
633 1139 766 1189 raptae
800 1135 899 1176 filiae
924 1138 1181 1189 occupatam
1218 1149 1312 1176 eam
1336 1138 1494 1176 terram
1519 1135 1571 1176 ab
1595 1136 1701 1189 Age-

286 1220 391 1248 nore
415 1209 456 1247 et
478 1206 758 1248 Phoenicibus
780 1206 938 1247 ferunt.

226 1277 515 1329 Epolonos
539 1277 741 1319 dicebant
770 1278 953 1331 antiqui,
989 1291 1096 1330 quos
1119 1292 1236 1318 nunc
1271 1279 1482 1332 epulones
1505 1277 1700 1318 dicimus.
1726 1295 1758 1318 15

283 1348 445 1389 Datum
469 1350 529 1389 est
557 1351 703 1389 autem
728 1348 795 1389 his
818 1362 994 1397 nomen,
1031 1347 1147 1401 quod
1170 1348 1320 1401 epulas
1355 1347 1574 1388 indicendi
1609 1347 1700 1388 Iovi

283 1419 520 1472 ceterisque
544 1419 608 1460 dis
631 1421 890 1472 potestatem
914 1419 1137 1460 haberent.

223 1488 494 1530 Eudraeon
529 1490 694 1530 lineum
729 1489 867 1538 filum,
903 1489 1017 1542 quod
1041 1489 1196 1530 medici
1219 1491 1409 1530 extremo
1434 1488 1476 1528 iu
1500 1488 1698 1541 clysterio

280 1560 550 1614 relinquunt,
573 1575 650 1614 per
673 1561 788 1614 quod
810 1560 1018 1615 κλυσμός*
1043 1561 1264 1602 emittitur.

222 1629 537 1671 Euboicum
558 1631 831 1672 talentum
865 1644 1047 1672 nummo
1083 1630 1232 1672 Graeco
1268 1633 1431 1683 septem
1465 1630 1637 1671 milium
1660 1632 1699 1670 et
1721 1649 1756 1672 20

282 1701 623 1754 quingentorum
639 1703 935 1755 cistophorum
951 1705 1027 1751 est,
1042 1704 1189 1743 nostro
1206 1704 1409 1754 quattuor
1432 1702 1602 1742 milium
1626 1700 1695 1741 de-

280 1773 515 1814 nariorum.

220 1842 542 1885 Extrarium
565 1845 620 1886 ab
645 1847 911 1886 extraneo
948 1847 1006 1886 sic
1041 1844 1344 1897 distinguitur:
1382 1843 1592 1886 extrarius
1620 1845 1695 1891 est,

281 1917 354 1966 qui
389 1917 506 1956 extra
540 1915 685 1956 focum
719 1918 1039 1956 sacramentum
1079 1916 1231 1968 iusque
1270 1915 1324 1955 sit
1338 1930 1346 1961 ;
1390 1920 1611 1955 extraneus
1647 1927 1696 1954 ex

280 1986 414 2028 altera
435 1989 562 2036 terra,
588 1987 712 2039 quasi
735 1989 1023 2028 exteffaneus.
1717 2002 1749 2025 25

218 2057 364 2098 Exta
387 2057 512 2106 dicta,
549 2056 665 2109 quod
698 2071 745 2097 ea
781 2056 845 2097 dis
868 2059 1162 2110 prosecentur,
1200 2069 1293 2108 quae
1328 2056 1515 2096 maxime
1549 2057 1695 2096 extant

278 2129 569 2180 eminentque.

218 2198 504 2239 Extimum
537 2202 777 2240 extremum
811 2200 871 2239 ita
905 2198 1130 2250 significat,
1167 2199 1213 2238 ut
1246 2197 1400 2237 intimo
1437 2196 1490 2236 sit
1525 2198 1691 2236 contra-

276 2269 404 2309 rium.

216 2338 596 2380 Exterraneus
621 2353 670 2381 ex
692 2340 777 2381 alia
799 2341 923 2381 terra.
1715 2354 1748 2378 30

217 2408 594 2450 Exterraneus
618 2423 790 2463 quoque
814 2409 967 2450 dicitur
989 2412 1040 2457 et,
1062 2409 1135 2462 qui
1158 2411 1256 2450 ante
1280 2410 1451 2461 tempus
1474 2410 1600 2448 natus
1623 2409 1690 2448 vel

276 2482 421 2533 potius
455 2481 615 2522 eiectus
639 2484 715 2522 est.
751 2481 899 2522 Dictus
935 2483 1081 2522 autem
1117 2482 1406 2527 exterraneus,
1442 2478 1564 2532 quod
1591 2492 1688 2519 eum

275 2554 414 2592 mater
437 2553 638 2593 exterrita
660 2553 758 2593 alvo
781 2554 915 2594 eiecit.

215 2619 494 2662 Externus
518 2624 582 2662 est
604 2623 772 2663 alienus
794 2624 930 2663 terrae.

215 2690 593 2743 Experrectus
616 2707 641 2734 a
662 2692 953 2746 porrigendo*
979 2706 1021 2733 se
1045 2695 1234 2740 vocatus,
1260 2690 1376 2743 quod
1398 2690 1484 2731 fere
1508 2690 1688 2731 facimus
1711 2706 1744 2730 35

273 2766 467 2803 recentes
490 2776 514 2803 a
537 2776 707 2804 somno.

214 2830 464 2883 Expreta
487 2833 657 2886 antiqui
681 2832 893 2882 dicebant,
917 2835 1040 2885 quasi
1063 2833 1253 2885 expertia
1276 2832 1435 2873 habita.
