<?xml version="1.0" encoding="UTF-8"?>
<!DOCTYPE html PUBLIC "-//W3C//DTD XHTML 1.0 Transitional//EN"
    "http://www.w3.org/TR/xhtml1/DTD/xhtml1-transitional.dtd">
<html xmlns="http://www.w3.org/1999/xhtml" xml:lang="en" lang="en">
 <head>
  <title>
</title>
<meta http-equiv="Content-Type" content="text/html;charset=utf-8" />
  <meta name='ocr-system' content='tesseract 3.04.00' />
  <meta name='ocr-capabilities' content='ocr_page ocr_carea ocr_par ocr_line ocrx_word'/>
</head>
<body>
  <div class='ocr_page' id='page_1' title='image "./deverborumsignif00festuoft_0326.png"; bbox 0 0 2072 3222; ppageno 0'>
   <div class='ocr_carea' id='block_1_1' title="bbox 348 128 1834 172">
    <p class='ocr_par' dir='ltr' id='par_1_1' title="bbox 348 128 1834 172">
     <span class='ocr_line' id='line_1_1' title="bbox 348 128 1834 172; baseline 0.003 -7"><span class='ocrx_word' id='word_1_1' title='bbox 348 128 430 169; x_wconf 66' lang='lat'>308</span> <span class='ocrx_word' id='word_1_2' title='bbox 493 141 549 170; x_wconf 85' lang='lat' dir='ltr'>QU.</span> <span class='ocrx_word' id='word_1_3' title='bbox 566 140 633 165; x_wconf 85' lang='lat' dir='ltr'>XII.</span> <span class='ocrx_word' id='word_1_4' title='bbox 649 140 675 165; x_wconf 84' lang='lat'>9.</span> <span class='ocrx_word' id='word_1_5' title='bbox 754 142 877 169; x_wconf 84' lang='lat' dir='ltr'>FESTI</span> <span class='ocrx_word' id='word_1_6' title='bbox 891 142 1048 170; x_wconf 76' lang='lat' dir='ltr'>FRAGM.</span> <span class='ocrx_word' id='word_1_7' title='bbox 1064 142 1090 168; x_wconf 81' lang='lat' dir='ltr'><strong>E</strong></span> <span class='ocrx_word' id='word_1_8' title='bbox 1106 142 1199 170; x_wconf 87' lang='lat' dir='ltr'><strong>COD.</strong></span> <span class='ocrx_word' id='word_1_9' title='bbox 1215 143 1338 171; x_wconf 83' lang='lat' dir='ltr'>FARN.</span> <span class='ocrx_word' id='word_1_10' title='bbox 1354 144 1392 172; x_wconf 90' lang='lat' dir='ltr'>L.</span> <span class='ocrx_word' id='word_1_11' title='bbox 1407 144 1489 171; x_wconf 86' lang='lat' dir='ltr'>XVI.</span> <span class='ocrx_word' id='word_1_12' title='bbox 1665 145 1697 169; x_wconf 89' lang='lat' dir='ltr'>P.</span> <span class='ocrx_word' id='word_1_13' title='bbox 1718 143 1768 169; x_wconf 63' lang='lat'>241</span> <span class='ocrx_word' id='word_1_14' title='bbox 1791 146 1834 170; x_wconf 83' lang='lat' dir='ltr'>M.</span> 
     </span>
    </p>
   </div>
   <div class='ocr_carea' id='block_1_2' title="bbox 344 256 1837 544">
    <p class='ocr_par' dir='ltr' id='par_1_2' title="bbox 344 256 1837 544">
     <span class='ocr_line' id='line_1_2' title="bbox 346 256 1837 313; baseline 0.004 -17"><span class='ocrx_word' id='word_1_15' title='bbox 346 256 595 297; x_wconf 86' lang='lat' dir='ltr'>istimantur</span> <span class='ocrx_word' id='word_1_16' title='bbox 631 262 666 307; x_wconf 78' lang='lat'>†,</span> <span class='ocrx_word' id='word_1_17' title='bbox 701 259 743 297; x_wconf 94' lang='lat' dir='ltr'>et</span> <span class='ocrx_word' id='word_1_18' title='bbox 772 256 1049 298; x_wconf 70' lang='lat' dir='ltr'>immiscuisse</span> <span class='ocrx_word' id='word_1_19' title='bbox 1082 259 1151 299; x_wconf 88' lang='lat' dir='ltr'>on&#39;</span> <span class='ocrx_word' id='word_1_20' title='bbox 1176 264 1193 305; x_wconf 55' lang='grc' dir='ltr'>ἦν</span> <span class='ocrx_word' id='word_1_21' title='bbox 1220 272 1335 310; x_wconf 89' lang='lat' dir='ltr'>suae,</span> <span class='ocrx_word' id='word_1_22' title='bbox 1371 273 1457 312; x_wconf 89' lang='lat' dir='ltr'>qua</span> <span class='ocrx_word' id='word_1_23' title='bbox 1477 261 1726 313; x_wconf 88' lang='lat' dir='ltr'>praecincta</span> <span class='ocrx_word' id='word_1_24' title='bbox 1748 263 1837 302; x_wconf 84' lang='lat' dir='ltr'>sta-</span> 
     </span>
     <span class='ocr_line' id='line_1_3' title="bbox 344 332 1833 388; baseline 0.002 -14"><span class='ocrx_word' id='word_1_25' title='bbox 344 336 421 374; x_wconf 90' lang='lat' dir='ltr'>tua</span> <span class='ocrx_word' id='word_1_26' title='bbox 443 332 533 373; x_wconf 91' lang='lat' dir='ltr'>eius</span> <span class='ocrx_word' id='word_1_27' title='bbox 557 335 621 374; x_wconf 88' lang='lat' dir='ltr'>est</span> <span class='ocrx_word' id='word_1_28' title='bbox 650 333 696 374; x_wconf 91' lang='lat' dir='ltr'>in</span> <span class='ocrx_word' id='word_1_29' title='bbox 719 334 824 375; x_wconf 93' lang='lat' dir='ltr'>aede</span> <span class='ocrx_word' id='word_1_30' title='bbox 865 337 935 374; x_wconf 60' lang='lat' dir='ltr'>s—cs</span> <span class='ocrx_word' id='word_1_31' title='bbox 963 340 998 383; x_wconf 78' lang='lat'>†,</span> <span class='ocrx_word' id='word_1_32' title='bbox 1035 337 1106 388; x_wconf 89' lang='lat' dir='ltr'>qui</span> <span class='ocrx_word' id='word_1_33' title='bbox 1138 335 1242 376; x_wconf 85' lang='lat' dir='ltr'>deus</span> <span class='ocrx_word' id='word_1_34' title='bbox 1276 336 1370 376; x_wconf 85' lang='lat' dir='ltr'>dius</span> <span class='ocrx_word' id='word_1_35' title='bbox 1402 336 1530 377; x_wconf 89' lang='lat' dir='ltr'>fidius</span> <span class='ocrx_word' id='word_1_36' title='bbox 1563 339 1750 387; x_wconf 84' lang='lat' dir='ltr'>vocatur,</span> <span class='ocrx_word' id='word_1_37' title='bbox 1783 352 1833 379; x_wconf 80' lang='lat' dir='ltr'>ex</span> 
     </span>
     <span class='ocr_line' id='line_1_4' title="bbox 347 410 1830 464; baseline 0.003 -15"><span class='ocrx_word' id='word_1_38' title='bbox 347 422 432 461; x_wconf 87' lang='lat' dir='ltr'>qua</span> <span class='ocrx_word' id='word_1_39' title='bbox 492 422 603 450; x_wconf 81' lang='lat' dir='ltr'>zona</span> <span class='ocrx_word' id='word_1_40' title='bbox 679 410 974 464; x_wconf 73' lang='lat' dir='ltr'>periclitantes</span> <span class='ocrx_word' id='word_1_41' title='bbox 1041 414 1239 453; x_wconf 86' lang='lat' dir='ltr'>ramenta</span> <span class='ocrx_word' id='word_1_42' title='bbox 1311 415 1504 453; x_wconf 86' lang='lat' dir='ltr'>sumunt.</span> <span class='ocrx_word' id='word_1_43' title='bbox 1577 426 1627 454; x_wconf 88' lang='lat' dir='ltr'>ea</span> <span class='ocrx_word' id='word_1_44' title='bbox 1706 426 1830 454; x_wconf 85' lang='lat' dir='ltr'>voca-</span> 
     </span>
     <span class='ocr_line' id='line_1_5' title="bbox 344 484 1832 544; baseline 0.004 -20"><span class='ocrx_word' id='word_1_45' title='bbox 344 487 379 524; x_wconf 91' lang='lat' dir='ltr'>ri</span> <span class='ocrx_word' id='word_1_46' title='bbox 403 484 463 526; x_wconf 89' lang='lat' dir='ltr'>ait</span> <span class='ocrx_word' id='word_1_47' title='bbox 482 485 674 539; x_wconf 87' lang='lat' dir='ltr'>praedia,</span> <span class='ocrx_word' id='word_1_48' title='bbox 699 486 814 539; x_wconf 89' lang='lat' dir='ltr'>quod</span> <span class='ocrx_word' id='word_1_49' title='bbox 852 487 969 528; x_wconf 89' lang='lat' dir='ltr'>mala</span> <span class='ocrx_word' id='word_1_50' title='bbox 990 487 1268 541; x_wconf 73' lang='lat' dir='ltr'>prohibeant.</span> <span class='ocrx_word' id='word_1_51' title='bbox 1405 485 1424 544; x_wconf 85' lang='grc' dir='ltr'>ΙΙ</span> <span class='ocrx_word' id='word_1_52' title='bbox 1461 489 1630 530; x_wconf 75' lang='lat' dir='ltr'>Priscae</span> <span class='ocrx_word' id='word_1_53' title='bbox 1668 489 1832 531; x_wconf 89' lang='lat' dir='ltr'>latinae</span> 
     </span>
    </p>
   </div>
   <div class='ocr_carea' id='block_1_3' title="bbox 294 561 1833 616">
    <p class='ocr_par' dir='ltr' id='par_1_3' title="bbox 294 561 1833 616">
     <span class='ocr_line' id='line_1_6' title="bbox 294 561 1833 616; baseline 0.005 -16"><span class='ocrx_word' id='word_1_54' title='bbox 294 579 306 599; x_wconf 71' lang='lat'><strong>⁵</strong></span> <span class='ocrx_word' id='word_1_55' title='bbox 343 561 539 603; x_wconf 88' lang='lat' dir='ltr'>coloniae</span> <span class='ocrx_word' id='word_1_56' title='bbox 623 563 871 616; x_wconf 75' lang='lat' dir='ltr'>appellatae</span> <span class='ocrx_word' id='word_1_57' title='bbox 943 565 1057 612; x_wconf 89' lang='lat' dir='ltr'>sunt,</span> <span class='ocrx_word' id='word_1_58' title='bbox 1132 566 1179 604; x_wconf 89' lang='lat' dir='ltr'>ut</span> <span class='ocrx_word' id='word_1_59' title='bbox 1261 564 1580 616; x_wconf 77' lang='lat' dir='ltr'>distinguerent</span> <span class='ocrx_word' id='word_1_60' title='bbox 1658 579 1682 606; x_wconf 90' lang='lat' dir='ltr'>a</span> <span class='ocrx_word' id='word_1_61' title='bbox 1754 579 1833 607; x_wconf 79' lang='lat' dir='ltr'>no-</span> 
     </span>
    </p>
   </div>
   <div class='ocr_carea' id='block_1_4' title="bbox 270 965 310 989">
    <p class='ocr_par' dir='ltr' id='par_1_4' title="bbox 270 965 310 989">
     <span class='ocr_line' id='line_1_7' title="bbox 270 965 310 989; baseline -0.075 0"><span class='ocrx_word' id='word_1_62' title='bbox 270 965 310 989; x_wconf 82' lang='lat' dir='ltr'>lo</span> 
     </span>
    </p>
   </div>
   <div class='ocr_carea' id='block_1_5' title="bbox 272 1719 308 1743">
    <p class='ocr_par' dir='ltr' id='par_1_5' title="bbox 272 1719 308 1743">
     <span class='ocr_line' id='line_1_8' title="bbox 272 1719 308 1743; baseline 0 0"><span class='ocrx_word' id='word_1_63' title='bbox 272 1719 308 1743; x_wconf 83' lang='lat'>20</span> 
     </span>
    </p>
   </div>
   <div class='ocr_carea' id='block_1_6' title="bbox 272 2107 307 2132">
    <p class='ocr_par' dir='ltr' id='par_1_6' title="bbox 272 2107 307 2132">
     <span class='ocr_line' id='line_1_9' title="bbox 272 2107 307 2132; baseline 0.029 -1"><span class='ocrx_word' id='word_1_64' title='bbox 272 2107 307 2132; x_wconf 83' lang='lat'>25</span> 
     </span>
    </p>
   </div>
   <div class='ocr_carea' id='block_1_7' title="bbox 271 2494 306 2518">
    <p class='ocr_par' dir='ltr' id='par_1_7' title="bbox 271 2494 306 2518">
     <span class='ocr_line' id='line_1_10' title="bbox 271 2494 306 2518; baseline -0.029 0"><span class='ocrx_word' id='word_1_65' title='bbox 271 2494 306 2518; x_wconf 86' lang='lat'>30</span> 
     </span>
    </p>
   </div>
   <div class='ocr_carea' id='block_1_8' title="bbox 342 637 1832 1305">
    <p class='ocr_par' dir='ltr' id='par_1_8' title="bbox 342 637 1832 1305">
     <span class='ocr_line' id='line_1_11' title="bbox 344 637 1830 696; baseline 0.003 -18"><span class='ocrx_word' id='word_1_66' title='bbox 344 637 424 688; x_wconf 88' lang='lat' dir='ltr'>bis,</span> <span class='ocrx_word' id='word_1_67' title='bbox 452 643 469 685; x_wconf 75' lang='lat'>†</span> <span class='ocrx_word' id='word_1_68' title='bbox 497 651 607 692; x_wconf 89' lang='lat' dir='ltr'>quae</span> <span class='ocrx_word' id='word_1_69' title='bbox 649 642 800 692; x_wconf 88' lang='lat' dir='ltr'>postea</span> <span class='ocrx_word' id='word_1_70' title='bbox 833 653 858 680; x_wconf 91' lang='lat' dir='ltr'>a</span> <span class='ocrx_word' id='word_1_71' title='bbox 890 640 1056 693; x_wconf 91' lang='lat' dir='ltr'>populo</span> <span class='ocrx_word' id='word_1_72' title='bbox 1099 641 1330 682; x_wconf 90' lang='lat' dir='ltr'>dabantur.</span> <span class='ocrx_word' id='word_1_73' title='bbox 1385 639 1403 696; x_wconf 90' lang='grc' dir='ltr'>ΙΙ</span> <span class='ocrx_word' id='word_1_74' title='bbox 1437 640 1613 682; x_wconf 83' lang='lat' dir='ltr'>Praetor</span> <span class='ocrx_word' id='word_1_75' title='bbox 1647 641 1701 682; x_wconf 89' lang='lat' dir='ltr'>ad</span> <span class='ocrx_word' id='word_1_76' title='bbox 1733 654 1830 695; x_wconf 91' lang='lat' dir='ltr'>por—</span> 
     </span>
     <span class='ocr_line' id='line_1_12' title="bbox 344 715 1832 770; baseline 0.003 -16"><span class='ocrx_word' id='word_1_77' title='bbox 344 718 434 754; x_wconf 82' lang='lat' dir='ltr'>tam</span> <span class='ocrx_word' id='word_1_78' title='bbox 458 727 574 755; x_wconf 88' lang='lat' dir='ltr'>nunc</span> <span class='ocrx_word' id='word_1_79' title='bbox 597 715 811 756; x_wconf 87' lang='lat' dir='ltr'>salutatur</span> <span class='ocrx_word' id='word_1_80' title='bbox 824 716 892 756; x_wconf 87' lang='lat' dir='ltr'>his</span> <span class='ocrx_word' id='word_1_81' title='bbox 902 717 1002 769; x_wconf 74' lang='lat' dir='ltr'>†qui</span> <span class='ocrx_word' id='word_1_82' title='bbox 1015 717 1062 756; x_wconf 92' lang='lat' dir='ltr'>in</span> <span class='ocrx_word' id='word_1_83' title='bbox 1076 716 1343 770; x_wconf 88' lang='lat' dir='ltr'>provinciam</span> <span class='ocrx_word' id='word_1_84' title='bbox 1358 717 1643 770; x_wconf 87' lang='lat' dir='ltr'>Propraetore</span> <span class='ocrx_word' id='word_1_85' title='bbox 1658 720 1734 758; x_wconf 87' lang='lat' dir='ltr'>aut</span> <span class='ocrx_word' id='word_1_86' title='bbox 1748 717 1832 759; x_wconf 88' lang='lat' dir='ltr'>Pro</span> 
     </span>
     <span class='ocr_line' id='line_1_13' title="bbox 344 791 1831 835; baseline 0.003 -5"><span class='ocrx_word' id='word_1_87' title='bbox 344 791 521 832; x_wconf 87' lang='lat' dir='ltr'>consule</span> <span class='ocrx_word' id='word_1_88' title='bbox 585 793 691 832; x_wconf 77' lang='lat' dir='ltr'>exit:</span> <span class='ocrx_word' id='word_1_89' title='bbox 758 793 880 833; x_wconf 85' lang='lat' dir='ltr'>cuius</span> <span class='ocrx_word' id='word_1_90' title='bbox 942 793 1003 833; x_wconf 87' lang='lat' dir='ltr'>rei</span> <span class='ocrx_word' id='word_1_91' title='bbox 1064 806 1231 834; x_wconf 85' lang='lat' dir='ltr'>morem</span> <span class='ocrx_word' id='word_1_92' title='bbox 1265 793 1324 835; x_wconf 89' lang='lat' dir='ltr'>ait</span> <span class='ocrx_word' id='word_1_93' title='bbox 1370 794 1501 834; x_wconf 85' lang='lat' dir='ltr'>fuisse</span> <span class='ocrx_word' id='word_1_94' title='bbox 1565 792 1740 834; x_wconf 83' lang='lat' dir='ltr'>Cincius</span> <span class='ocrx_word' id='word_1_95' title='bbox 1785 794 1831 834; x_wconf 91' lang='lat' dir='ltr'>in</span> 
     </span>
     <span class='ocr_line' id='line_1_14' title="bbox 343 866 1830 922; baseline 0.003 -16"><span class='ocrx_word' id='word_1_96' title='bbox 343 867 453 908; x_wconf 88' lang='lat' dir='ltr'>libro</span> <span class='ocrx_word' id='word_1_97' title='bbox 500 867 551 907; x_wconf 92' lang='lat' dir='ltr'>de</span> <span class='ocrx_word' id='word_1_98' title='bbox 597 866 836 909; x_wconf 83' lang='lat' dir='ltr'>Consulum</span> <span class='ocrx_word' id='word_1_99' title='bbox 884 871 1098 922; x_wconf 82' lang='lat' dir='ltr'>potestate</span> <span class='ocrx_word' id='word_1_100' title='bbox 1142 870 1301 910; x_wconf 89' lang='lat' dir='ltr'>talem:</span> <span class='ocrx_word' id='word_1_101' title='bbox 1364 870 1590 910; x_wconf 79' lang='lat' dir='ltr'>«Albanus</span> <span class='ocrx_word' id='word_1_102' title='bbox 1629 876 1646 904; x_wconf 62' lang='lat'>⁴³</span> <span class='ocrx_word' id='word_1_103' title='bbox 1683 883 1830 911; x_wconf 85' lang='lat' dir='ltr'>rerum</span> 
     </span>
     <span class='ocr_line' id='line_1_15' title="bbox 343 945 1831 998; baseline 0.001 -14"><span class='ocrx_word' id='word_1_104' title='bbox 343 945 504 997; x_wconf 88' lang='lat' dir='ltr'>potitos</span> <span class='ocrx_word' id='word_1_105' title='bbox 557 958 694 998; x_wconf 91' lang='lat' dir='ltr'>usque</span> <span class='ocrx_word' id='word_1_106' title='bbox 757 945 810 986; x_wconf 89' lang='lat' dir='ltr'>ad</span> <span class='ocrx_word' id='word_1_107' title='bbox 872 945 1048 986; x_wconf 85' lang='lat' dir='ltr'>Tullum</span> <span class='ocrx_word' id='word_1_108' title='bbox 1099 959 1270 998; x_wconf 86' lang='lat' dir='ltr'>regem:</span> <span class='ocrx_word' id='word_1_109' title='bbox 1327 945 1439 986; x_wconf 83' lang='lat' dir='ltr'>Alba</span> <span class='ocrx_word' id='word_1_110' title='bbox 1486 945 1638 986; x_wconf 90' lang='lat' dir='ltr'>deinde</span> <span class='ocrx_word' id='word_1_111' title='bbox 1687 946 1831 986; x_wconf 89' lang='lat' dir='ltr'>diruta</span> 
     </span>
     <span class='ocr_line' id='line_1_16' title="bbox 343 1022 1829 1076; baseline 0.001 -16"><span class='ocrx_word' id='word_1_112' title='bbox 343 1034 480 1074; x_wconf 91' lang='lat' dir='ltr'>usque</span> <span class='ocrx_word' id='word_1_113' title='bbox 543 1023 587 1062; x_wconf 89' lang='lat' dir='ltr'>at</span> <span class='ocrx_word' id='word_1_114' title='bbox 614 1027 631 1055; x_wconf 66' lang='lat'>4</span> <span class='ocrx_word' id='word_1_115' title='bbox 679 1025 883 1075; x_wconf 86' lang='lat' dir='ltr'>poectum</span> <span class='ocrx_word' id='word_1_116' title='bbox 912 1028 929 1055; x_wconf 60' lang='lat'>4</span> <span class='ocrx_word' id='word_1_117' title='bbox 986 1022 1157 1064; x_wconf 80' lang='lat' dir='ltr'>Murem</span> <span class='ocrx_word' id='word_1_118' title='bbox 1203 1036 1286 1063; x_wconf 87' lang='lat' dir='ltr'>cos.</span> <span class='ocrx_word' id='word_1_119' title='bbox 1319 1022 1509 1076; x_wconf 88' lang='lat' dir='ltr'>populos</span> <span class='ocrx_word' id='word_1_120' title='bbox 1562 1023 1722 1064; x_wconf 88' lang='lat' dir='ltr'>latinos</span> <span class='ocrx_word' id='word_1_121' title='bbox 1777 1022 1829 1063; x_wconf 85' lang='lat' dir='ltr'>ad</span> 
     </span>
     <span class='ocr_line' id='line_1_17' title="bbox 344 1097 1831 1151; baseline 0.001 -14"><span class='ocrx_word' id='word_1_122' title='bbox 344 1097 541 1151; x_wconf 73' lang='lat' dir='ltr'>capudo†</span> <span class='ocrx_word' id='word_1_123' title='bbox 585 1100 802 1139; x_wconf 88' lang='lat' dir='ltr'>etentinae</span> <span class='ocrx_word' id='word_1_124' title='bbox 830 1104 864 1145; x_wconf 58' lang='lat'>4,</span> <span class='ocrx_word' id='word_1_125' title='bbox 910 1098 1024 1151; x_wconf 83' lang='lat' dir='ltr'>quod</span> <span class='ocrx_word' id='word_1_126' title='bbox 1069 1101 1132 1139; x_wconf 89' lang='lat' dir='ltr'>est</span> <span class='ocrx_word' id='word_1_127' title='bbox 1175 1099 1254 1140; x_wconf 89' lang='lat' dir='ltr'>sub</span> <span class='ocrx_word' id='word_1_128' title='bbox 1298 1101 1446 1140; x_wconf 87' lang='lat' dir='ltr'>monte</span> <span class='ocrx_word' id='word_1_129' title='bbox 1500 1099 1684 1148; x_wconf 75' lang='lat' dir='ltr'>Albano,</span> <span class='ocrx_word' id='word_1_130' title='bbox 1729 1113 1831 1140; x_wconf 81' lang='lat' dir='ltr'>con·</span> 
     </span>
     <span class='ocr_line' id='line_1_18' title="bbox 342 1174 1831 1228; baseline 0.001 -14"><span class='ocrx_word' id='word_1_131' title='bbox 342 1174 483 1215; x_wconf 86' lang='lat' dir='ltr'>sulere</span> <span class='ocrx_word' id='word_1_132' title='bbox 556 1174 732 1224; x_wconf 70' lang='lat' dir='ltr'>solitos,</span> <span class='ocrx_word' id='word_1_133' title='bbox 797 1179 836 1217; x_wconf 89' lang='lat' dir='ltr'>et</span> <span class='ocrx_word' id='word_1_134' title='bbox 899 1176 1134 1228; x_wconf 85' lang='lat' dir='ltr'>imperium</span> <span class='ocrx_word' id='word_1_135' title='bbox 1209 1177 1434 1217; x_wconf 88' lang='lat' dir='ltr'>communi</span> <span class='ocrx_word' id='word_1_136' title='bbox 1511 1176 1693 1216; x_wconf 83' lang='lat' dir='ltr'>consilio</span> <span class='ocrx_word' id='word_1_137' title='bbox 1757 1176 1831 1217; x_wconf 90' lang='lat' dir='ltr'>ad-</span> 
     </span>
     <span class='ocr_line' id='line_1_19' title="bbox 342 1251 1827 1305; baseline 0.001 -14"><span class='ocrx_word' id='word_1_138' title='bbox 342 1251 588 1291; x_wconf 86' lang='lat' dir='ltr'>ministrare</span> <span class='ocrx_word' id='word_1_139' title='bbox 666 1251 810 1304; x_wconf 88' lang='lat' dir='ltr'>itaque</span> <span class='ocrx_word' id='word_1_140' title='bbox 890 1266 974 1305; x_wconf 84' lang='lat' dir='ltr'>quo</span> <span class='ocrx_word' id='word_1_141' title='bbox 1053 1266 1171 1292; x_wconf 88' lang='lat' dir='ltr'>anno</span> <span class='ocrx_word' id='word_1_142' title='bbox 1253 1253 1478 1293; x_wconf 80' lang='lat' dir='ltr'>Romanos</span> <span class='ocrx_word' id='word_1_143' title='bbox 1575 1254 1715 1305; x_wconf 69' lang='lat' dir='ltr'>impr—s</span> <span class='ocrx_word' id='word_1_144' title='bbox 1809 1258 1827 1285; x_wconf 61' lang='lat'>4²</span> 
     </span>
    </p>
   </div>
   <div class='ocr_carea' id='block_1_9' title="bbox 295 1327 1825 1382">
    <p class='ocr_par' dir='ltr' id='par_1_9' title="bbox 295 1327 1825 1382">
     <span class='ocr_line' id='line_1_20' title="bbox 295 1327 1825 1382; baseline 0.001 -15"><span class='ocrx_word' id='word_1_145' title='bbox 295 1343 308 1366; x_wconf 67' lang='lat'>5</span> <span class='ocrx_word' id='word_1_146' title='bbox 345 1327 398 1368; x_wconf 86' lang='lat' dir='ltr'>ad</span> <span class='ocrx_word' id='word_1_147' title='bbox 492 1328 723 1368; x_wconf 77' lang='lat' dir='ltr'>exercitum</span> <span class='ocrx_word' id='word_1_148' title='bbox 820 1328 989 1370; x_wconf 86' lang='lat' dir='ltr'>mittere</span> <span class='ocrx_word' id='word_1_149' title='bbox 1112 1332 1331 1382; x_wconf 84' lang='lat' dir='ltr'>oporteret</span> <span class='ocrx_word' id='word_1_150' title='bbox 1452 1330 1568 1370; x_wconf 83' lang='lat' dir='ltr'>iussu</span> <span class='ocrx_word' id='word_1_151' title='bbox 1690 1331 1825 1370; x_wconf 89' lang='lat' dir='ltr'>nomi-</span> 
     </span>
    </p>
   </div>
   <div class='ocr_carea' id='block_1_10' title="bbox 340 1405 1831 2834">
    <p class='ocr_par' dir='ltr' id='par_1_10' title="bbox 340 1405 1831 2834">
     <span class='ocr_line' id='line_1_21' title="bbox 344 1405 1828 1459; baseline 0.001 -15"><span class='ocrx_word' id='word_1_152' title='bbox 344 1405 410 1444; x_wconf 89' lang='lat' dir='ltr'>nis</span> <span class='ocrx_word' id='word_1_153' title='bbox 464 1405 623 1454; x_wconf 83' lang='lat' dir='ltr'>Latini,</span> <span class='ocrx_word' id='word_1_154' title='bbox 676 1405 910 1458; x_wconf 83' lang='lat' dir='ltr'>conplures</span> <span class='ocrx_word' id='word_1_155' title='bbox 962 1409 1137 1446; x_wconf 88' lang='lat' dir='ltr'>nostros</span> <span class='ocrx_word' id='word_1_156' title='bbox 1189 1406 1233 1445; x_wconf 90' lang='lat' dir='ltr'>in</span> <span class='ocrx_word' id='word_1_157' title='bbox 1301 1405 1513 1459; x_wconf 87' lang='lat' dir='ltr'>Capitolio</span> <span class='ocrx_word' id='word_1_158' title='bbox 1545 1420 1570 1448; x_wconf 87' lang='lat' dir='ltr'>a</span> <span class='ocrx_word' id='word_1_159' title='bbox 1602 1406 1692 1447; x_wconf 88' lang='lat' dir='ltr'>sole</span> <span class='ocrx_word' id='word_1_160' title='bbox 1747 1405 1828 1446; x_wconf 82' lang='lat' dir='ltr'>ori—</span> 
     </span>
     <span class='ocr_line' id='line_1_22' title="bbox 345 1482 1827 1535; baseline 0 -13"><span class='ocrx_word' id='word_1_161' title='bbox 345 1483 441 1523; x_wconf 84' lang='lat' dir='ltr'>ente</span> <span class='ocrx_word' id='word_1_162' title='bbox 525 1482 711 1535; x_wconf 88' lang='lat' dir='ltr'>auspicis</span> <span class='ocrx_word' id='word_1_163' title='bbox 775 1496 953 1535; x_wconf 84' lang='lat' dir='ltr'>operam</span> <span class='ocrx_word' id='word_1_164' title='bbox 1037 1482 1136 1524; x_wconf 73' lang='lat' dir='ltr'>dare</span> <span class='ocrx_word' id='word_1_165' title='bbox 1218 1483 1382 1524; x_wconf 83' lang='lat' dir='ltr'>solitos.</span> <span class='ocrx_word' id='word_1_166' title='bbox 1436 1482 1511 1523; x_wconf 92' lang='lat' dir='ltr'>ubi</span> <span class='ocrx_word' id='word_1_167' title='bbox 1594 1496 1691 1523; x_wconf 79' lang='lat' dir='ltr'>aves</span> <span class='ocrx_word' id='word_1_168' title='bbox 1755 1482 1827 1522; x_wconf 86' lang='lat' dir='ltr'>ad-</span> 
     </span>
     <span class='ocr_line' id='line_1_23' title="bbox 345 1557 1831 1612; baseline 0.002 -16"><span class='ocrx_word' id='word_1_169' title='bbox 345 1557 563 1607; x_wconf 71' lang='lat' dir='ltr'>dixissent,</span> <span class='ocrx_word' id='word_1_170' title='bbox 595 1558 780 1599; x_wconf 87' lang='lat' dir='ltr'>militem</span> <span class='ocrx_word' id='word_1_171' title='bbox 832 1558 973 1608; x_wconf 88' lang='lat' dir='ltr'>illum,</span> <span class='ocrx_word' id='word_1_172' title='bbox 1026 1558 1098 1612; x_wconf 76' lang='lat' dir='ltr'>qui</span> <span class='ocrx_word' id='word_1_173' title='bbox 1151 1572 1175 1599; x_wconf 88' lang='lat' dir='ltr'>a</span> <span class='ocrx_word' id='word_1_174' title='bbox 1227 1559 1449 1599; x_wconf 87' lang='lat' dir='ltr'>communi</span> <span class='ocrx_word' id='word_1_175' title='bbox 1491 1558 1616 1600; x_wconf 88' lang='lat' dir='ltr'>Latio</span> <span class='ocrx_word' id='word_1_176' title='bbox 1670 1559 1831 1599; x_wconf 86' lang='lat' dir='ltr'>missus</span> 
     </span>
     <span class='ocr_line' id='line_1_24' title="bbox 344 1634 1825 1687; baseline 0.001 -13"><span class='ocrx_word' id='word_1_177' title='bbox 344 1637 467 1682; x_wconf 78' lang='lat' dir='ltr'>esset,</span> <span class='ocrx_word' id='word_1_178' title='bbox 522 1634 647 1675; x_wconf 89' lang='lat' dir='ltr'>illum</span> <span class='ocrx_word' id='word_1_179' title='bbox 707 1648 836 1687; x_wconf 87' lang='lat' dir='ltr'>quem</span> <span class='ocrx_word' id='word_1_180' title='bbox 894 1649 994 1676; x_wconf 85' lang='lat' dir='ltr'>aves</span> <span class='ocrx_word' id='word_1_181' title='bbox 1048 1635 1315 1684; x_wconf 81' lang='lat' dir='ltr'>addixerant,</span> <span class='ocrx_word' id='word_1_182' title='bbox 1369 1636 1616 1677; x_wconf 83' lang='lat' dir='ltr'>Praetorem</span> <span class='ocrx_word' id='word_1_183' title='bbox 1665 1636 1825 1676; x_wconf 90' lang='lat' dir='ltr'>saluta-</span> 
     </span>
     <span class='ocr_line' id='line_1_25' title="bbox 340 1710 1824 1765; baseline 0.002 -16"><span class='ocrx_word' id='word_1_184' title='bbox 340 1724 385 1749; x_wconf 85' lang='lat' dir='ltr'>re</span> <span class='ocrx_word' id='word_1_185' title='bbox 439 1710 631 1759; x_wconf 81' lang='lat' dir='ltr'>solitum,</span> <span class='ocrx_word' id='word_1_186' title='bbox 667 1711 741 1764; x_wconf 84' lang='lat' dir='ltr'>qui</span> <span class='ocrx_word' id='word_1_187' title='bbox 794 1725 889 1752; x_wconf 85' lang='lat' dir='ltr'>eam</span> <span class='ocrx_word' id='word_1_188' title='bbox 932 1713 1202 1764; x_wconf 86' lang='lat' dir='ltr'>provinciam</span> <span class='ocrx_word' id='word_1_189' title='bbox 1247 1713 1464 1765; x_wconf 88' lang='lat' dir='ltr'>optineret</span> <span class='ocrx_word' id='word_1_190' title='bbox 1506 1711 1725 1753; x_wconf 84' lang='lat' dir='ltr'>Praetoris</span> <span class='ocrx_word' id='word_1_191' title='bbox 1749 1725 1824 1752; x_wconf 91' lang='lat' dir='ltr'>no-</span> 
     </span>
     <span class='ocr_line' id='line_1_26' title="bbox 343 1785 1824 1842; baseline 0.001 -15"><span class='ocrx_word' id='word_1_192' title='bbox 343 1787 500 1828; x_wconf 85' lang='lat' dir='ltr'>mine.»</span> <span class='ocrx_word' id='word_1_193' title='bbox 574 1807 581 1814; x_wconf 95' lang='lat'>·</span> <span class='ocrx_word' id='word_1_194' title='bbox 821 1785 1082 1842; x_wconf 68' lang='lat' dir='ltr'>{lPat1·iciOS,</span> <span class='ocrx_word' id='word_1_195' title='bbox 1119 1787 1293 1829; x_wconf 78' lang='lat' dir='ltr'>Cincius</span> <span class='ocrx_word' id='word_1_196' title='bbox 1330 1790 1391 1829; x_wconf 89' lang='lat' dir='ltr'>ait</span> <span class='ocrx_word' id='word_1_197' title='bbox 1413 1790 1459 1829; x_wconf 89' lang='lat' dir='ltr'>in</span> <span class='ocrx_word' id='word_1_198' title='bbox 1482 1789 1594 1829; x_wconf 86' lang='lat' dir='ltr'>libro</span> <span class='ocrx_word' id='word_1_199' title='bbox 1619 1788 1670 1828; x_wconf 89' lang='lat' dir='ltr'>de</span> <span class='ocrx_word' id='word_1_200' title='bbox 1695 1789 1824 1829; x_wconf 81' lang='lat' dir='ltr'>comi--</span> 
     </span>
     <span class='ocr_line' id='line_1_27' title="bbox 342 1864 1824 1917; baseline 0.003 -15"><span class='ocrx_word' id='word_1_201' title='bbox 342 1864 427 1912; x_wconf 77' lang='lat' dir='ltr'>tiis,</span> <span class='ocrx_word' id='word_1_202' title='bbox 480 1877 553 1905; x_wconf 86' lang='lat' dir='ltr'>eos</span> <span class='ocrx_word' id='word_1_203' title='bbox 587 1864 801 1917; x_wconf 84' lang='lat' dir='ltr'>appellari</span> <span class='ocrx_word' id='word_1_204' title='bbox 853 1864 1016 1913; x_wconf 85' lang='lat' dir='ltr'>solitos,</span> <span class='ocrx_word' id='word_1_205' title='bbox 1072 1865 1144 1917; x_wconf 87' lang='lat' dir='ltr'>qui</span> <span class='ocrx_word' id='word_1_206' title='bbox 1197 1878 1315 1905; x_wconf 87' lang='lat' dir='ltr'>nunc</span> <span class='ocrx_word' id='word_1_207' title='bbox 1370 1867 1549 1917; x_wconf 84' lang='lat' dir='ltr'>ingenui</span> <span class='ocrx_word' id='word_1_208' title='bbox 1602 1868 1824 1906; x_wconf 88' lang='lat' dir='ltr'>vocentur.</span> 
     </span>
     <span class='ocr_line' id='line_1_28' title="bbox 344 1938 1825 1995; baseline 0.001 -16"><span class='ocrx_word' id='word_1_209' title='bbox 344 1938 362 1995; x_wconf 77' lang='grc' dir='ltr'>ΙΙ</span> <span class='ocrx_word' id='word_1_210' title='bbox 387 1939 687 1981; x_wconf 84' lang='lat' dir='ltr'>Possessiones</span> <span class='ocrx_word' id='word_1_211' title='bbox 801 1940 1084 1994; x_wconf 86' lang='lat' dir='ltr'>appellantur</span> <span class='ocrx_word' id='word_1_212' title='bbox 1207 1940 1295 1989; x_wconf 66' lang='lat' dir='ltr'>agri</span> <span class='ocrx_word' id='word_1_213' title='bbox 1419 1941 1503 1982; x_wconf 84' lang='lat' dir='ltr'>late</span> <span class='ocrx_word' id='word_1_214' title='bbox 1625 1944 1825 1994; x_wconf 83' lang='lat' dir='ltr'>patentes</span> 
     </span>
     <span class='ocr_line' id='line_1_29' title="bbox 343 2017 1824 2070; baseline 0.001 -14"><span class='ocrx_word' id='word_1_215' title='bbox 343 2017 504 2070; x_wconf 86' lang='lat' dir='ltr'>publici</span> <span class='ocrx_word' id='word_1_216' title='bbox 555 2017 810 2070; x_wconf 84' lang='lat' dir='ltr'>privatique,</span> <span class='ocrx_word' id='word_1_217' title='bbox 861 2017 961 2070; x_wconf 87' lang='lat' dir='ltr'>quia</span> <span class='ocrx_word' id='word_1_218' title='bbox 1018 2028 1035 2047; x_wconf 66' lang='lat'>⁴—</span> <span class='ocrx_word' id='word_1_219' title='bbox 1091 2031 1181 2058; x_wconf 84' lang='lat' dir='ltr'>non</span> <span class='ocrx_word' id='word_1_220' title='bbox 1235 2018 1571 2070; x_wconf 81' lang='lat' dir='ltr'>mancipatione,</span> <span class='ocrx_word' id='word_1_221' title='bbox 1617 2017 1691 2058; x_wconf 89' lang='lat' dir='ltr'>sed</span> <span class='ocrx_word' id='word_1_222' title='bbox 1744 2031 1824 2057; x_wconf 87' lang='lat' dir='ltr'>usu</span> 
     </span>
     <span class='ocr_line' id='line_1_30' title="bbox 342 2093 1820 2146; baseline -0.001 -12"><span class='ocrx_word' id='word_1_223' title='bbox 342 2094 618 2142; x_wconf 81' lang='lat' dir='ltr'>tenebantur,</span> <span class='ocrx_word' id='word_1_224' title='bbox 703 2097 743 2134; x_wconf 93' lang='lat' dir='ltr'>et</span> <span class='ocrx_word' id='word_1_225' title='bbox 835 2096 884 2134; x_wconf 89' lang='lat' dir='ltr'>ut</span> <span class='ocrx_word' id='word_1_226' title='bbox 983 2093 1161 2146; x_wconf 75' lang='lat' dir='ltr'>quisque</span> <span class='ocrx_word' id='word_1_227' title='bbox 1255 2096 1554 2146; x_wconf 74' lang='lat' dir='ltr'>occupaverat,</span> <span class='ocrx_word' id='word_1_228' title='bbox 1649 2093 1820 2134; x_wconf 88' lang='lat' dir='ltr'>collide-</span> 
     </span>
     <span class='ocr_line' id='line_1_31' title="bbox 343 2168 1825 2225; baseline 0 -15"><span class='ocrx_word' id='word_1_229' title='bbox 343 2171 430 2211; x_wconf 87' lang='lat' dir='ltr'>bat.</span> <span class='ocrx_word' id='word_1_230' title='bbox 468 2176 484 2217; x_wconf 56' lang='grc' dir='ltr'>ἦν</span> <span class='ocrx_word' id='word_1_231' title='bbox 669 2168 686 2225; x_wconf 80' lang='grc' dir='ltr'>ΙΙ</span> <span class='ocrx_word' id='word_1_232' title='bbox 710 2170 922 2220; x_wconf 77' lang='lat' dir='ltr'>Potestur,</span> <span class='ocrx_word' id='word_1_233' title='bbox 968 2170 1110 2223; x_wconf 68' lang='lat' dir='ltr'>Scipio</span> <span class='ocrx_word' id='word_1_234' title='bbox 1155 2171 1383 2212; x_wconf 78' lang='lat' dir='ltr'>Africanus</span> <span class='ocrx_word' id='word_1_235' title='bbox 1426 2171 1471 2210; x_wconf 91' lang='lat' dir='ltr'>in</span> <span class='ocrx_word' id='word_1_236' title='bbox 1514 2183 1577 2218; x_wconf 82' lang='lat' dir='ltr'>ea,</span> <span class='ocrx_word' id='word_1_237' title='bbox 1618 2183 1726 2223; x_wconf 86' lang='lat' dir='ltr'>quae</span> <span class='ocrx_word' id='word_1_238' title='bbox 1761 2174 1825 2210; x_wconf 88' lang='lat' dir='ltr'>est</span> 
     </span>
     <span class='ocr_line' id='line_1_32' title="bbox 343 2245 1824 2300; baseline 0.001 -15"><span class='ocrx_word' id='word_1_239' title='bbox 343 2246 394 2286; x_wconf 88' lang='lat' dir='ltr'>de</span> <span class='ocrx_word' id='word_1_240' title='bbox 455 2248 624 2300; x_wconf 90' lang='lat' dir='ltr'>inperio</span> <span class='ocrx_word' id='word_1_241' title='bbox 698 2247 750 2287; x_wconf 92' lang='lat' dir='ltr'>D.</span> <span class='ocrx_word' id='word_1_242' title='bbox 826 2247 963 2287; x_wconf 84' lang='lat' dir='ltr'>Bruti.</span> <span class='ocrx_word' id='word_1_243' title='bbox 1039 2252 1093 2297; x_wconf 80' lang='lat' dir='ltr'>et,</span> <span class='ocrx_word' id='word_1_244' title='bbox 1167 2249 1402 2299; x_wconf 81' lang='lat' dir='ltr'>poteratur,</span> <span class='ocrx_word' id='word_1_245' title='bbox 1480 2246 1524 2287; x_wconf 84' lang='lat' dir='ltr'>C.</span> <span class='ocrx_word' id='word_1_246' title='bbox 1604 2245 1824 2287; x_wconf 85' lang='lat' dir='ltr'>Gracchus</span> 
     </span>
     <span class='ocr_line' id='line_1_33' title="bbox 341 2322 1822 2376; baseline 0 -14"><span class='ocrx_word' id='word_1_247' title='bbox 341 2326 386 2362; x_wconf 84' lang='lat' dir='ltr'>in</span> <span class='ocrx_word' id='word_1_248' title='bbox 441 2336 489 2364; x_wconf 84' lang='lat' dir='ltr'>ea</span> <span class='ocrx_word' id='word_1_249' title='bbox 543 2336 627 2376; x_wconf 89' lang='lat' dir='ltr'>qua</span> <span class='ocrx_word' id='word_1_250' title='bbox 660 2336 770 2363; x_wconf 91' lang='lat' dir='ltr'>uous</span> <span class='ocrx_word' id='word_1_251' title='bbox 808 2329 824 2369; x_wconf 61' lang='lat' dir='ltr'>{r</span> <span class='ocrx_word' id='word_1_252' title='bbox 863 2324 925 2362; x_wconf 86' lang='lat' dir='ltr'>est</span> <span class='ocrx_word' id='word_1_253' title='bbox 957 2337 1054 2363; x_wconf 86' lang='lat' dir='ltr'>cum</span> <span class='ocrx_word' id='word_1_254' title='bbox 1118 2323 1277 2363; x_wconf 86' lang='lat' dir='ltr'>circum</span> <span class='ocrx_word' id='word_1_255' title='bbox 1343 2323 1632 2364; x_wconf 77' lang='lat' dir='ltr'>conciliabula</span> <span class='ocrx_word' id='word_1_256' title='bbox 1676 2328 1692 2369; x_wconf 74' lang='lat'>†</span> <span class='ocrx_word' id='word_1_257' title='bbox 1731 2322 1822 2363; x_wconf 88' lang='lat' dir='ltr'>iret.</span> 
     </span>
     <span class='ocr_line' id='line_1_34' title="bbox 343 2398 1822 2453; baseline -0.001 -14"><span class='ocrx_word' id='word_1_258' title='bbox 343 2398 361 2453; x_wconf 82' lang='grc' dir='ltr'>ΙΙ</span> <span class='ocrx_word' id='word_1_259' title='bbox 385 2399 596 2441; x_wconf 85' lang='lat' dir='ltr'>Probrum</span> <span class='ocrx_word' id='word_1_260' title='bbox 680 2400 857 2452; x_wconf 81' lang='lat' dir='ltr'>virginis</span> <span class='ocrx_word' id='word_1_261' title='bbox 946 2399 1134 2439; x_wconf 84' lang='lat' dir='ltr'>Vestalis</span> <span class='ocrx_word' id='word_1_262' title='bbox 1229 2404 1276 2439; x_wconf 86' lang='lat' dir='ltr'>ut</span> <span class='ocrx_word' id='word_1_263' title='bbox 1350 2400 1486 2452; x_wconf 65' lang='lat' dir='ltr'>capite</span> <span class='ocrx_word' id='word_1_264' title='bbox 1581 2401 1822 2452; x_wconf 75' lang='lat' dir='ltr'>puniretur,</span> 
     </span>
     <span class='ocr_line' id='line_1_35' title="bbox 341 2475 1823 2529; baseline -0.001 -13"><span class='ocrx_word' id='word_1_265' title='bbox 341 2478 415 2526; x_wconf 82' lang='lat' dir='ltr'>vir,</span> <span class='ocrx_word' id='word_1_266' title='bbox 471 2476 544 2529; x_wconf 87' lang='lat' dir='ltr'>qui</span> <span class='ocrx_word' id='word_1_267' title='bbox 598 2489 693 2516; x_wconf 87' lang='lat' dir='ltr'>eam</span> <span class='ocrx_word' id='word_1_268' title='bbox 756 2476 1070 2524; x_wconf 82' lang='lat' dir='ltr'>incestavisset,</span> <span class='ocrx_word' id='word_1_269' title='bbox 1134 2475 1386 2516; x_wconf 80' lang='lat' dir='ltr'>verberibus</span> <span class='ocrx_word' id='word_1_270' title='bbox 1451 2478 1701 2516; x_wconf 86' lang='lat' dir='ltr'>necaretur:</span> <span class='ocrx_word' id='word_1_271' title='bbox 1755 2475 1823 2514; x_wconf 77' lang='lat' dir='ltr'>lex</span> 
     </span>
     <span class='ocr_line' id='line_1_36' title="bbox 342 2551 1823 2604; baseline -0.001 -12"><span class='ocrx_word' id='word_1_272' title='bbox 342 2554 426 2593; x_wconf 77' lang='lat' dir='ltr'>fixa</span> <span class='ocrx_word' id='word_1_273' title='bbox 486 2553 530 2593; x_wconf 91' lang='lat' dir='ltr'>in</span> <span class='ocrx_word' id='word_1_274' title='bbox 591 2552 700 2593; x_wconf 88' lang='lat' dir='ltr'>atrio</span> <span class='ocrx_word' id='word_1_275' title='bbox 762 2552 989 2593; x_wconf 85' lang='lat' dir='ltr'>Libertatis</span> <span class='ocrx_word' id='word_1_276' title='bbox 1053 2565 1150 2592; x_wconf 88' lang='lat' dir='ltr'>cum</span> <span class='ocrx_word' id='word_1_277' title='bbox 1215 2553 1341 2593; x_wconf 85' lang='lat' dir='ltr'>multi</span> <span class='ocrx_word' id='word_1_278' title='bbox 1413 2559 1429 2594; x_wconf 70' lang='lat'>†</span> <span class='ocrx_word' id='word_1_279' title='bbox 1501 2552 1581 2592; x_wconf 88' lang='lat' dir='ltr'>alis</span> <span class='ocrx_word' id='word_1_280' title='bbox 1654 2551 1823 2604; x_wconf 84' lang='lat' dir='ltr'>legibus</span> 
     </span>
     <span class='ocr_line' id='line_1_37' title="bbox 342 2627 1821 2681; baseline 0 -13"><span class='ocrx_word' id='word_1_281' title='bbox 342 2628 542 2669; x_wconf 85' lang='lat' dir='ltr'>incendio</span> <span class='ocrx_word' id='word_1_282' title='bbox 612 2630 872 2681; x_wconf 84' lang='lat' dir='ltr'>consumpta</span> <span class='ocrx_word' id='word_1_283' title='bbox 950 2630 1027 2675; x_wconf 88' lang='lat' dir='ltr'>est,</span> <span class='ocrx_word' id='word_1_284' title='bbox 1106 2630 1153 2668; x_wconf 90' lang='lat' dir='ltr'>ut</span> <span class='ocrx_word' id='word_1_285' title='bbox 1219 2629 1279 2668; x_wconf 85' lang='lat' dir='ltr'>ait</span> <span class='ocrx_word' id='word_1_286' title='bbox 1343 2628 1400 2669; x_wconf 89' lang='lat' dir='ltr'>M.</span> <span class='ocrx_word' id='word_1_287' title='bbox 1475 2627 1580 2669; x_wconf 89' lang='lat' dir='ltr'>Cato</span> <span class='ocrx_word' id='word_1_288' title='bbox 1654 2630 1699 2668; x_wconf 92' lang='lat' dir='ltr'>in</span> <span class='ocrx_word' id='word_1_289' title='bbox 1774 2641 1821 2668; x_wconf 81' lang='lat' dir='ltr'>ea</span> 
     </span>
     <span class='ocr_line' id='line_1_38' title="bbox 342 2703 1824 2756; baseline -0.001 -11"><span class='ocrx_word' id='word_1_290' title='bbox 342 2704 562 2753; x_wconf 85' lang='lat' dir='ltr'>oratione,</span> <span class='ocrx_word' id='word_1_291' title='bbox 647 2718 756 2756; x_wconf 90' lang='lat' dir='ltr'>quae</span> <span class='ocrx_word' id='word_1_292' title='bbox 850 2704 901 2744; x_wconf 76' lang='lat' dir='ltr'>sle</span> <span class='ocrx_word' id='word_1_293' title='bbox 994 2703 1242 2755; x_wconf 80' lang='lat' dir='ltr'>Auguribus</span> <span class='ocrx_word' id='word_1_294' title='bbox 1334 2704 1595 2744; x_wconf 84' lang='lat' dir='ltr'>inscribitur.</span> <span class='ocrx_word' id='word_1_295' title='bbox 1693 2704 1824 2745; x_wconf 88' lang='lat' dir='ltr'>adicit</span> 
     </span>
     <span class='ocr_line' id='line_1_39' title="bbox 343 2780 1820 2834; baseline -0.001 -13"><span class='ocrx_word' id='word_1_296' title='bbox 343 2794 512 2834; x_wconf 80' lang='lat' dir='ltr'>quoque</span> <span class='ocrx_word' id='word_1_297' title='bbox 625 2780 811 2832; x_wconf 76' lang='lat' dir='ltr'>virgines</span> <span class='ocrx_word' id='word_1_298' title='bbox 936 2780 1131 2820; x_wconf 82' lang='lat' dir='ltr'>Vestales</span> <span class='ocrx_word' id='word_1_299' title='bbox 1253 2780 1490 2821; x_wconf 84' lang='lat' dir='ltr'>sacerdotio</span> <span class='ocrx_word' id='word_1_300' title='bbox 1632 2793 1820 2832; x_wconf 82' lang='lat' dir='ltr'>exaugu-</span> 
     </span>
    </p>
   </div>
  </div>
 </body>
</html>
