2072 3222
363 158 418 198 50
677 170 801 198 PAULI
823 170 1039 198 EXCERPTA
1062 170 1117 198 Ex
1138 170 1221 197 ΜΒ.
1245 171 1368 198 POMP.
1392 171 1513 198 FESTI
1733 169 1836 196 70-71

360 286 555 328 Defrui
578 285 779 327 dicebant
802 285 984 338 antiqui,
1008 287 1056 326 ut
1073 282 1285 334 declinare,
1310 283 1510 343 (lipcr‘z're,
1529 286 1836 338 significantes,

420 370 595 398 omnem
618 357 806 396 fructum
829 356 1064 408 percipere.

359 426 642 468 Dividiam
665 425 941 466 discordiam.

359 497 641 538 Deversus
664 495 867 537 dicebant
889 494 1089 536 deorsum
1112 510 1274 538 versus.
1872 513 1904 547 ῃ

320 585 333 608 5
358 568 652 618 Deinceps,
693 567 765 619 qui
804 566 960 607 deinde
1001 569 1142 621 coepit,
1180 570 1228 607 ut
1264 566 1478 624 princeps,
1525 569 1597 620 qui
1641 569 1834 622 primum

418 639 560 692 coepit.
978 674 981 677 Α

357 709 508 750 Deus
532 708 683 757 dictus,
720 708 835 760 quod
858 709 896 749 ei
918 708 1029 749 nihil
1052 708 1173 757 desit,
1207 709 1274 748 vel
1299 710 1400 762 quia
1432 709 1581 750 omnia
1604 709 1835 750 commoda

416 780 669 820 hominibus
693 779 788 828 dat3
813 780 901 820 sive
925 792 950 819 a
973 778 1122 821 Graeco
1147 780 1252 827 δέος,
1279 779 1395 832 quod
1417 780 1630 832 significat
1652 783 1832 829 metum,

416 863 466 890 eo
492 850 607 903 quod
629 849 885 890 hominibus
908 852 1050 891 metus
1073 850 1138 891 sit.
1165 849 1248 890 Sed
1270 850 1408 903 magis
1433 853 1613 899 constat,
1642 850 1685 891 id
1707 863 1833 891 voca-

299 936 333 960 10
414 921 569 962 bulum
605 935 653 962 ex
689 920 838 962 Graeeo
874 935 965 962 esse
1000 921 1178 971 dictum,
1214 921 1478 974 aspiratione
1522 920 1712 974 dempta,
1760 923 1835 974 qui

415 1006 508 1032 mos
532 991 721 1044 antiquis
744 993 906 1032 nostris
928 993 1133 1044 frequens
1157 994 1260 1032 erat.

355 1061 522 1103 Dium
557 1063 724 1115 antiqui
758 1076 808 1103 ex
846 1061 996 1103 Graeco
1033 1062 1318 1115 appellabant
1351 1064 1398 1103 ut
1432 1076 1458 1103 a
1492 1062 1570 1103 deo
1611 1065 1754 1103 ortum
1793 1065 1835 1103 et

416 1133 619 1174 diurnum
642 1133 723 1173 sub
747 1133 851 1173 caelo
874 1133 1040 1183 lumen,
1077 1132 1152 1173 ἀπὸ
1175 1139 1242 1173 τοῦ
1266 1132 1375 1178 Διὸς.
1418 1132 1543 1174 Unde
1579 1132 1721 1174 adhuc
1758 1130 1834 1175 sub

414 1201 489 1246 dm
511 1203 603 1244 fieri
626 1202 823 1255 dicimus,
858 1202 975 1255 quod
996 1216 1088 1244 non
1120 1204 1175 1244 sit
1197 1203 1277 1244 sub
1299 1205 1424 1251 tecto,
1463 1206 1504 1244 et
1526 1201 1727 1252 interdiu,
1765 1205 1835 1244 cui

297 1288 330 1312 15
415 1275 679 1316 contrarium
704 1276 766 1315 est
788 1277 933 1315 noctu.

352 1345 618 1386 Devitare
641 1345 767 1386 valde
790 1347 939 1386 vitare.

352 1416 611 1467 Demagis
634 1429 712 1469 pro
735 1417 882 1456 minus
905 1421 922 1453 4
945 1416 1150 1457 dicebant
1170 1415 1356 1469 antiqui.

351 1486 610 1528 Denariae
633 1487 891 1528 caerimoniae
916 1486 1174 1528 dicebantur
1196 1489 1237 1527 et
1259 1485 1508 1536 tricenarioe,
1525 1487 1682 1540 quibus
1709 1500 1831 1527 sacra

411 1557 589 1598 adituris
624 1557 772 1598 decem
808 1557 1027 1598 continuis
1063 1556 1255 1605 diebus&
1292 1558 1359 1599 vel
1382 1559 1559 1610 triginta
1586 1559 1710 1599 certis
1735 1558 1827 1611 qui—

293 1641 327 1664 20
409 1628 592 1669 busdam
615 1629 742 1669 rebus
765 1628 1001 1669 carendum
1025 1630 1127 1669 erat.

349 1698 681 1750 Decrepitus
705 1701 767 1739 est
801 1698 1052 1751 desperatus
1076 1712 1253 1752 crepera
1277 1701 1365 1740 iam
1387 1699 1489 1748 vita,
1524 1701 1571 1740 ut
1595 1713 1827 1752 crepuscu-

409 1770 500 1810 lum
525 1773 763 1810 extremum
799 1769 883 1810 diei
916 1772 1103 1823 tempuS.
1138 1769 1236 1810 Sive
1260 1769 1501 1823 decrepitus
1539 1769 1689 1819 dictus,
1727 1769 1830 1823 quia

409 1842 585 1893 propter
608 1842 872 1881 senectutem
895 1853 975 1881 nec
989 1854 1162 1881 movere
1186 1854 1244 1889 se,
1267 1854 1348 1881 nec
1366 1840 1509 1880 ullum
1531 1840 1672 1881 facere
1685 1842 1831 1893 potest

410 1912 634 1964 crepitum.

292 1994 325 2018 25
349 1981 686 2022 Decimanus
710 1981 955 2034 appellatur
977 1981 1118 2029 limes,
1143 1982 1216 2034 qui
1237 1982 1283 2022 iit
1306 1982 1358 2022 ab
1381 1984 1477 2022 ortu
1501 1980 1604 2022 solis
1628 1979 1682 2021 ad
1705 1993 1826 2021 occa-

409 2065 528 2099 sum;
554 2052 663 2092 alter
686 2066 735 2093 ex
755 2054 1002 2093 transverso
1027 2065 1203 2092 currens
1226 2051 1473 2104 appellatur
1495 2047 1637 2093 cardo.

349 2122 673 2163 Decumana
697 2133 801 2164 ova
835 2122 1038 2163 dicuntur
1064 2125 1105 2163 et
1127 2119 1353 2164 decumani
1383 2119 1548 2177 fluctus,
1588 2122 1690 2174 quia
1724 2124 1827 2162 sunt

408 2207 581 2245 magna.
604 2193 714 2234 Nam
738 2197 778 2234 et
801 2207 932 2234 ovum
956 2193 1172 2234 decimum
1195 2194 1337 2234 maius
1360 2193 1568 2241 nascitur,
1604 2194 1644 2232 et
1666 2191 1825 2232 fluctus

410 2263 601 2304 decimus
623 2263 715 2305 fieri
737 2265 952 2304 maximus
975 2263 1144 2304 dicitur.

291 2346 326 2370 30
348 2333 639 2385 Deprensa
661 2335 814 2376 dicitur
836 2347 972 2387 genus
995 2334 1194 2375 militaris
1218 2333 1620 2381 animadversionis,
1645 2334 1823 2385 castiga-

407 2406 523 2445 tione
548 2406 699 2452 maior,
723 2405 966 2458 ignominia
988 2406 1143 2445 minor.

349 2473 582 2514 Decima
605 2488 785 2528 quaeque
808 2477 973 2516 veteres
996 2474 1060 2515 dis
1084 2475 1172 2515 suis
1195 2474 1447 2515 offerebant.

349 2543 693 2587 Decuriones
716 2546 1006 2599 appellantur,
1032 2545 1104 2598 qui
1128 2545 1249 2585 denis
1273 2544 1492 2597 equitibus
1516 2545 1722 2596 praesunt.

348 2614 671 2666 Depolitum
704 2617 970 2669 perfectum,
1007 2617 1108 2669 quia
1145 2629 1295 2656 omnes
1329 2614 1615 2668 perfectiones
1654 2613 1821 2666 antiqui

290 2697 325 2721 35
406 2686 640 2738 politiones
664 2687 957 2739 appellabant.

347 2755 642 2806 Degunere
666 2756 904 2810 degustare.

347 2825 594 2866 Deoures
617 2825 885 2867 decuriones.
