2072 3222
329 172 408 213 154
470 186 529 215 (ρι’,
544 186 594 209 ix.
611 185 635 210 s.
743 184 863 212 FesTI
877 184 1033 212 FRAGM.
1052 183 1077 210 E
1094 185 1185 212 con.
1202 183 1325 212 mnu.
1342 185 1379 212 L.
1396 184 1488 212 xm.
1650 183 1680 208 Ρ.
1697 181 1748 207 158
1765 181 1804 208 M.

341 625 356 648 5

325 1005 358 1028 10

325 1771 358 1793 2⁴]

327 2160 360 2183 25

328 2536 362 2560 30

391 301 533 355 gravis
626 300 847 342 incidisset
937 301 1198 354 pestilentia,
1292 300 1532 341 Sthennius
1638 302 1747 341 Met-

392 379 478 417 tius
517 377 609 417 eius
647 377 788 430 gentis
826 377 1043 430 princeps,
1083 378 1323 418 convocata
1365 378 1527 417 civium
1571 390 1750 417 suorum

393 453 609 502 contione,
660 455 860 506 exposuit
902 467 946 494 se
979 453 1134 493 vidisse
1177 455 1221 493 in
1265 454 1439 506 quiete³s
1496 453 1749 506 praecipien-

392 533 480 571 tem
524 530 787 583 Apollinem,
827 532 874 570 ut
912 530 948 570 si
986 530 1150 570 vellent
1188 543 1237 570 eo
1276 529 1394 571 malo
1436 529 1624 578 liberari,
1668 529 1753 570 Ver

390 621 562 648 sacrum
586 608 803 657 voverent,
830 606 874 647 id
897 609 971 657 est,
1020 620 1304 660 quaecumque
1327 619 1425 647 vere
1454 606 1650 660 proximo
1674 621 1749 647 na—

392 686 436 724 ta
504 686 663 733 essent,
731 684 1033 724 immolaturos
1107 683 1203 733 sibi,
1271 697 1354 736 quo
1438 683 1551 724 facto
1633 683 1749 724 leva-

391 759 445 799 tis
521 762 620 813 post
696 773 864 800 annum
945 760 1236 800 vicensimum
1318 759 1474 800 deinde
1557 759 1752 800 eiusdem

393 835 563 889 generis
639 837 817 877 incessit
888 837 1154 890 pestilentia.
1229 850 1380 877 rusum
1442 837 1587 889 itaque
1650 849 1749 877 con-

394 913 534 953 sultus
568 913 726 966 Apollo
759 913 1000 967 respondit,
1033 927 1126 953 non
1160 926 1251 953 esse
1284 912 1560 966 persolutum
1595 912 1648 952 ab
1682 912 1750 952 his

395 990 558 1039 votum,
598 989 712 1042 quod
750 990 951 1030 homines
988 989 1204 1030 immolati
1236 1003 1323 1030 non
1359 991 1528 1029 essent:
1575 1002 1682 1042 quos
1715 990 1751 1028 si

395 1066 676 1119 expulissent,
764 1068 876 1107 certe
959 1066 1050 1107 fore
1133 1068 1181 1106 ut
1262 1080 1313 1106 ea
1394 1065 1515 1107 clade
1598 1065 1750 1106 libera—

396 1145 560 1184 rentur.
596 1144 741 1196 itaque
765 1144 840 1191 his(
864 1142 970 1183 iussi
1002 1143 1144 1196 patria
1176 1142 1396 1192 decedere,
1443 1156 1541 1182 cum
1573 1144 1619 1182 in
1651 1155 1747 1195 par-

394 1222 434 1259 te
469 1232 519 1259 ea
552 1219 596 1260 Si
630 1251 817 1260 .....
849 1219 1158 1268 consedissent,
1194 1233 1288 1272 quae
1323 1250 1331 1258 .
1367 1251 1376 1259 .
1412 1252 1420 1259 .
1459 1233 1479 1258 c
1502 1218 1746 1259 Tauricana

400 1294 569 1344 dicitur,
603 1295 712 1336 forte
750 1296 1048 1337 ....rantibus
1081 1295 1197 1336 bello
1230 1309 1288 1336 no
1313 1328 1322 1336 .
1358 1308 1380 1335 o
1415 1295 1742 1335 Messanesibus

343 1394 358 1416 5
393 1372 552 1413 auxilio
572 1374 786 1413 venerunt
803 1373 928 1421 ultro,
945 1386 1103 1425 eosque
1121 1386 1146 1413 a
1162 1404 1171 1412 .
1191 1404 1200 1413 .
1225 1405 1234 1413 .
1252 1372 1491 1412 liberarunt
1506 1371 1748 1424 provincia-

394 1449 477 1489 les:
504 1448 620 1502 quod
643 1449 698 1490 ob
733 1482 741 1490 .
774 1481 783 1489 .
807 1448 940 1490 ritum
959 1462 1123 1498 eorum,
1139 1450 1187 1489 ut
1204 1450 1387 1502 gratiam
1404 1448 1628 1496 referrent,
1645 1450 1686 1488 et
1702 1449 1749 1488 in

396 1538 524 1565 suum
573 1538 743 1578 corpus,
792 1525 1234 1578 communionemque
1272 1538 1474 1576 agrorum
1512 1524 1752 1565 invitarunt

396 1615 483 1651 eos,
503 1604 544 1642 et
561 1615 724 1642 nomen
746 1604 1010 1655 acceperunt
1032 1616 1185 1652 unum,
1199 1605 1247 1643 ut
1270 1601 1515 1642 dicerentur
1533 1601 1750 1642 Mamerti-

395 1680 454 1728 ni,
487 1679 603 1732 quod
635 1679 840 1720 coniectis
870 1679 916 1719 in
940 1681 1100 1720 sortem
1134 1679 1361 1720 duodecim
1395 1678 1577 1719 deorum
1610 1678 1748 1718 nomi-

395 1755 539 1803 nibus,
584 1755 772 1796 Mamers
816 1756 923 1796 forte
969 1757 1152 1797 exierat:
1210 1756 1284 1809 qui
1334 1755 1487 1807 lingua
1540 1754 1750 1795 Oscorum

396 1832 511 1872 Mars
573 1832 856 1885 significatur.
937 1833 1059 1873 cuius
1122 1832 1312 1873 historiae
1367 1834 1516 1873 auctor
1567 1834 1630 1873 est
1680 1832 1749 1871 Al-

396 1907 477 1949 fius
524 1909 631 1949 libro
675 1909 816 1961 primo
859 1909 966 1949 belli
1012 1908 1398 1962 Carthaginiensis.
1520 1906 1542 1963 Η
1577 1907 1743 1948 Murra-

396 1989 439 2025 ta
490 1986 665 2038 potione
718 1999 819 2026 usos
873 1985 1077 2039 antiquos
1129 1985 1288 2026 indicio
1336 1988 1412 2035 est,
1462 1985 1576 2038 quod
1622 1985 1751 2026 etiam

397 2076 516 2102 nunc
578 2062 761 2110 Ediles†
822 2076 900 2115 per
952 2063 1294 2115 supplicationes
1347 2062 1409 2102 dis
1474 2061 1642 2102 addunt
1694 2062 1747 2102 ad

395 2139 660 2191 pulvinaria,
706 2141 747 2179 et
791 2139 905 2192 quod
949 2139 1045 2179 ΧΠ.
1090 2138 1251 2179 tabulis
1297 2141 1485 2188 cavetur,
1533 2152 1588 2179 ne
1635 2152 1747 2179 mor-

397 2218 472 2257 tuo
522 2215 710 2264 indatur,
758 2218 805 2256 ut
851 2216 910 2257 ait
962 2215 1099 2256 Varro
1151 2215 1197 2254 in
1249 2215 1563 2267 antiquitatum
1616 2214 1665 2255 L.
1717 2216 1750 2255 Ι.

398 2289 417 2346 ΙΙ
440 2292 592 2343 Muger
637 2292 720 2332 dici
766 2292 875 2333 solet
907 2305 932 2332 a
965 2290 1297 2339 Castrensium†
1340 2291 1594 2333 hominibus
1628 2293 1752 2344 quasi

398 2381 627 2408 muccosus
671 2368 738 2408 his
753 2373 785 2418 †,
831 2370 905 2421 qui
947 2368 1045 2409 talis
1090 2369 1202 2409 male
1236 2368 1359 2409 ludit.
1453 2365 1471 2423 ΙΙ
1495 2368 1642 2415 Muri†
1675 2369 1750 2418 est,

399 2443 770 2496 quemadmodum
851 2444 1063 2486 Veranius
1144 2444 1281 2495 docet,
1364 2458 1414 2486 ea
1506 2458 1599 2497 quare
1705 2444 1752 2485 fit

398 2534 447 2560 ex
495 2520 576 2561 sali
624 2520 812 2570 sordido,
863 2521 908 2560 in
952 2520 1044 2573 pila
1091 2520 1244 2573 pisato,
1295 2523 1335 2561 et
1378 2521 1423 2560 in
1467 2520 1600 2561 ollam
1646 2520 1750 2560 ficti-

398 2597 485 2637 lem
529 2598 737 2646 coniecto,
783 2597 932 2650 ibique
978 2599 1126 2650 operto
1171 2600 1439 2650 gypsatoque
1485 2600 1526 2637 et
1570 2598 1616 2636 in
1662 2596 1749 2637 fur-

400 2686 457 2713 no
520 2676 733 2727 percoctO,
798 2676 867 2714 cui
926 2673 1125 2726 Virgines
1178 2674 1374 2715 Vestales
1436 2686 1553 2713 serra
1613 2673 1753 2714 ferrea

400 2751 532 2798 secto,
567 2751 608 2789 et
649 2751 695 2789 in
740 2750 896 2790 seriam
931 2751 1136 2799 coniecto,
1184 2763 1276 2801 quae
1310 2751 1374 2790 est
1406 2750 1523 2790 intus
1569 2751 1615 2789 in
1663 2748 1753 2790 tede
