2072 3222
350 162 399 196 l&
654 169 780 197 PAULI
802 169 1018 197 EXCERPTA
1041 169 1095 196 EX
1117 169 1201 197 LIB.
1226 169 1350 197 POMP.
1375 170 1495 198 FESTI
1683 167 1826 194 109-110

344 285 610 336 Inparem
632 298 866 325 numerum
894 286 1062 337 antiqui
1094 286 1416 339 prosperiorem
1450 285 1702 327 hominibus
1732 300 1824 327 esse

405 355 689 397 crediderunt.

345 425 583 477 InpetiX‚
607 426 813 478 inpetigo.

345 495 609 548 Inpiatus,
634 497 881 538 sceleratus.

306 583 319 606 5
345 566 565 617 Inipite‚
588 567 786 619 inpetum
809 566 948 607 facite.

346 636 614 678 Inhibere
638 637 877 691 iniungere,
903 637 976 678 sed
999 638 1156 678 melius
1180 638 1395 680 cohibere.

345 706 566 748 Inebrae
590 721 702 757 aves,
735 721 826 760 quae
863 708 907 748 in
942 708 1131 762 auguriis
1165 708 1331 761 aliquid
1363 708 1455 750 fieri
1489 708 1747 762 prohibent3
1785 711 1828 750 et

404 791 583 830 prorsus
606 778 757 819 omnia
782 775 928 820 imbra
942 778 1236 832 appellantur,
1261 792 1353 831 quae
1373 778 1549 820 tardant
1564 779 1631 819 vel
1654 792 1825 820 moran-

406 850 474 888 tur
496 850 711 901 agentem.

289 935 323 959 10
346 918 414 958 In
437 919 685 972 praepositio
708 918 840 960 modo
864 919 1090 972 significat,
1116 919 1232 972 quod
1254 933 1360 968 non,
1383 922 1430 960 ut
1446 920 1671 968 inimicus3
1696 919 1827 961 modo

406 989 667 1038 auctionem,
710 992 757 1030 ut
790 989 1044 1030 inclamavit
1057 1005 1068 1039 3
1106 989 1237 1030 modo
1276 990 1363 1039 ubi,
1408 1004 1491 1043 quo
1528 990 1743 1040 tendatur,
1781 992 1829 1031 ut

405 1061 586 1102 incurrit
599 1075 608 1109 ;
634 1060 764 1101 modo
788 1061 863 1101 ubi
889 1062 962 1113 qui
985 1060 1052 1109 sit,
1076 1063 1124 1102 ut
1146 1060 1405 1102 inambulat.

346 1130 598 1171 Inmunis
621 1144 778 1173 vacans
800 1145 995 1181 munere,
1031 1132 1291 1184 aliquotiens
1312 1145 1391 1186 pro
1413 1132 1615 1186 improbo
1636 1134 1827 1186 ponitur,

406 1205 452 1242 ut
474 1202 590 1255 apud
614 1202 844 1243 Plautum:
875 1202 1084 1243 «Inmune
1109 1205 1172 1243 est
1193 1202 1398 1243 facinus.»

290 1288 320 1312 15
346 1273 601 1313 Iniurum
622 1274 861 1326 periurum.
1851 1288 1904 1322 110

347 1343 415 1384 In
441 1345 604 1396 eopte
629 1357 679 1385 eo
701 1343 812 1397 ipso.

347 1415 631 1456 Inmolare
667 1418 730 1456 est
762 1415 894 1466 mola,
929 1415 972 1456 id
1006 1418 1070 1456 est
1102 1416 1214 1456 farre
1242 1416 1395 1456 molito
1431 1417 1472 1456 et
1504 1415 1606 1465 sale,
1641 1415 1830 1456 hostiam

406 1499 680 1539 perspersam
704 1499 887 1526 sacrare.

348 1556 578 1597 Initium
602 1559 666 1598 est
687 1557 966 1610 principium,
990 1556 1065 1598 sed
1083 1557 1204 1605 alias,
1231 1571 1316 1610 quo
1342 1557 1443 1610 quid
1467 1556 1662 1610 incipiat,
1684 1559 1731 1598 ut
1752 1557 1830 1597 viae

291 1641 326 1665 20
408 1629 557 1682 Appia]
581 1631 709 1681 port-a
732 1627 932 1682 Capena:
967 1628 1086 1678 alias,
1122 1642 1170 1669 ex
1196 1642 1280 1682 quo
1305 1627 1410 1682 quid
1434 1630 1612 1677 constet,
1636 1630 1684 1668 ut
1706 1641 1830 1681 aqua,

408 1701 534 1749 terra,
558 1713 642 1740 aer.

350 1769 577 1810 Inereta
598 1769 795 1811 indivisa.

350 1840 511 1880 Iners
535 1840 729 1892 ignavus,
751 1840 819 1881 vel
844 1841 937 1882 sine
963 1842 1065 1881 arte.

350 1909 570 1961 Inigere
594 1924 725 1963 pecus
749 1924 887 1963 agere,
911 1909 954 1951 id
977 1913 1039 1951 est
1061 1911 1241 1952 minare.

293 1994 326 2018 25
350 1981 464 2022 Init
485 1981 664 2034 ponitur
685 1981 909 2022 interdum
932 1994 1011 2034 pro
1027 1981 1259 2021 concubitu
1276 1996 1286 2029 ,·
1309 1980 1529 2021 interdum
1552 1993 1631 2034 pro
1653 1982 1833 2031 invenit,

412 2054 458 2092 ut
479 2052 561 2092 init
582 2053 823 2100 rationem3
858 2051 1078 2092 interdum
1102 2065 1181 2105 pro
1205 2051 1372 2101 introit,
1407 2054 1454 2092 ut
1475 2051 1681 2093 Plautus:
1724 2051 1835 2092 «Init

411 2125 452 2163 te
474 2136 682 2175 umquam
707 2122 873 2163 febris.»

353 2191 596 2233 Inermat
617 2193 748 2233 armis
771 2193 941 2246 spoliat.

353 2263 422 2303 In
444 2262 626 2303 insula
648 2262 905 2316 Aesculapio
924 2262 1035 2303 facta
1057 2262 1169 2303 aedes
1187 2263 1280 2312 fuit,
1305 2263 1420 2315 quod
1439 2264 1585 2315 aegroti
1608 2276 1633 2303 a
1654 2261 1834 2303 medicis

295 2345 330 2369 30
414 2346 525 2385 aqua
547 2333 734 2374 maxime
756 2335 1067 2374 sustententur,
1090 2332 1299 2374 Eiusdem
1324 2347 1414 2375 esse
1426 2333 1569 2374 tutelae
1587 2331 1833 2382 draconem,

415 2403 527 2456 quod
550 2404 927 2456 vigilantissimum
951 2405 1005 2444 sit
1027 2404 1214 2452 anima13
1250 2418 1342 2456 quae
1365 2418 1431 2445 res
1455 2403 1509 2444 ad
1532 2403 1740 2444 tuendam
1763 2415 1834 2443 va-

415 2474 643 2514 litudinem
667 2475 815 2527 aegroti
837 2475 1022 2515 maxime
1058 2476 1158 2526 apta
1181 2477 1255 2515 est.
1301 2473 1437 2515 Canes
1461 2473 1722 2515 adhibentur
1744 2474 1835 2514 eius

414 2546 593 2597 templo,
617 2544 731 2596 quod
753 2545 788 2585 is
810 2544 1011 2585 uberibus
1026 2544 1144 2585 canis
1167 2544 1222 2585 sit
1243 2545 1444 2585 nutritus.
1468 2544 1684 2584 Bacillum
1707 2544 1837 2584 habet

415 2616 643 2664 nodosum,
666 2615 779 2668 quod
802 2614 1097 2656 difficultatem
1130 2614 1343 2668 significat
1365 2615 1480 2656 artis.
1524 2614 1693 2655 Laurea
1715 2627 1833 2655 coro-

299 2697 332 2720 35
416 2688 556 2736 natur,
591 2686 704 2739 quod
742 2699 792 2727 ea
827 2688 952 2727 arbor
984 2686 1272 2738 plurimorum
1297 2684 1351 2726 sit
1371 2684 1679 2725 remediorum.
1722 2684 1837 2725 Huic

417 2756 588 2808 gallinae
612 2755 966 2797 immolabantur.
