2072 3222
283 125 366 165 532
429 136 485 165 QU.
504 136 560 160 xv,
578 136 621 161 28.
702 135 823 163 FEs'ri
839 136 994 163 Fauni.
1011 137 1036 163 E.
1054 135 1145 163 con.
1164 135 1289 162 ΜΒΝ.
1306 135 1343 162 L.
1361 135 1499 162 xvim.
1600 134 1630 157 P·
1651 131 1704 157 ΒΜ
1724 134 1764 157 M-

350 252 629 293 vehementes
779 250 1064 304 proiectiones
1115 250 1117 252 ’
1209 250 1435 302 sanguinis
1554 250 1764 290 arcuatim

350 326 540 377 fluentiS,
623 327 772 379 quales
854 329 958 366 sunt
1031 326 1182 367 Tiburi
1243 328 1289 367 in
1351 326 1532 368 Aniene.
1595 325 1765 367 Ennius

349 404 394 444 in
469 403 671 450 Aiacea.†
749 403 864 450 iax†
931 403 1063 443 misso
1139 404 1350 455 sanguine
1425 402 1572 456 tepido
1634 402 1764 448 tulim-

349 480 547 521 efflantes
671 480 858 521 volant.»
1040 477 1058 534 ΙΙ
1083 479 1254 533 Topper
1364 478 1603 531 significare
1706 480 1765 520 ait

297 577 311 600 5
347 556 544 597 Artorius
638 557 734 606 eito,
827 557 1024 603 fortasse,
1112 555 1322 604 celeriter,
1413 558 1589 596 temere
1665 555 1763 604 cito,

278 954 313 977 11·

277 1342 309 1367 15

273 1719 308 1743 2¹]

347 633 406 673 sic
474 634 520 673 in
589 632 710 674 Nelei
776 633 994 674 carmine:
1064 632 1261 686 «Topper
1323 632 1507 673 fortuna?
1570 644 1763 672 commu-

347 711 498 750 tantur
527 709 818 750 hominibus.»
844 709 981 758 citius,
1022 709 1081 749 sie
1120 708 1208 753 C.†
1244 709 1593 761 Nawdcapesseffl
1637 708 1758 749 flam-

346 800 465 827 mam
489 786 712 827 Volcani.»
740 786 836 835 cito,
856 786 915 826 sic
933 786 977 826 in
996 785 1152 826 eodem
1173 802 1181 826 :
1212 786 1427 838 «Namque
1450 785 1625 826 nullum
1643 785 1765 838 peius

349 865 541 903 macerat
604 862 850 903 humanum
865 868 895 911 †‚
952 862 1140 915 quamde
1206 876 1323 903 mare
1382 876 1557 903 saevum.
1611 861 1763 908 Viret†

348 940 416 980 cui
508 941 610 979 sunt
702 952 884 991 magnae,
996 941 1154 992 topper
1253 939 1530 992 confringent
1615 937 1760 991 inpor-

346 1018 464 1056 tunae
528 1015 645 1056 unde
668 1021 725 1063 la»
793 1016 988 1064 fortasse,
1050 1016 1109 1055 sic
1176 1014 1338 1056 Coelius
1402 1016 1428 1056 1.
1494 1015 1609 1056 VIL:
1674 1015 1762 1055 «Ita

346 1093 409 1133 uti
471 1106 515 1133 se
549 1106 593 1134 se
628 1092 808 1146 quisque
872 1092 993 1133 vobis
1057 1092 1230 1133 studeat
1291 1093 1487 1134 :emulari
1550 1094 1595 1132 in
1649 1094 1763 1133 statu

348 1171 530 1210 fortuna·
622 1169 744 1222 reip„
837 1169 988 1210 eadem
1081 1173 1125 1210 re
1223 1171 1343 1221 gesta
1404 1171 1561 1221 topper
1622 1167 1762 1208 nihilo

346 1246 516 1286 minore
594 1237 769 1298 negotio
852 1247 961 1294 acto,
1025 1248 1163 1298 gratia
1245 1247 1388 1286 minor
1462 1248 1611 1286 esset.»
1680 1246 1761 1286 sor-

344 1319 471 1371 tasse,
534 1323 592 1362 sic
646 1323 798 1362 Accius
852 1322 897 1363 in
949 1324 1021 1363 Io:
1084 1323 1289 1376 «Topper,
1344 1325 1391 1363 ut
1443 1323 1502 1371 fit,
1555 1323 1689 1375 patris
1721 1324 1761 1363 te

344 1398 441 1439 eicit
472 1399 594 1439 iras.»
632 1398 844 1445 Ennius†
907 1412 1008 1440 vero
1043 1401 1128 1439 sic:
1205 1398 1377 1452 Topper
1417 1399 1598 1440 fortasse
1646 1399 1762 1439 valet

344 1475 389 1516 in
411 1475 530 1516 Enni
555 1479 596 1517 et
639 1475 771 1516 Pacui
794 1481 810 1523 »Γ
856 1475 1038 1528 scriptis,
1075 1475 1194 1529 apud
1226 1475 1422 1516 Ennium
1446 1477 1533 1516 est:
1565 1475 1762 1529 «Topper

344 1565 477 1605 quam
520 1565 649 1593 nemo
694 1553 849 1593 melius
892 1552 1005 1593 scit.»
1076 1551 1312 1593 Pacuvius:
1372 1552 1572 1605 «Topper
1615 1554 1758 1593 tecum

346 1630 432 1673 sit†
494 1630 679 1681 potestas
728 1629 870 1676 faxsit,
919 1628 952 1668 si
1000 1641 1174 1669 mecum
1230 1627 1368 1669 velit.»
1418 1628 1503 1674 adl⁴
1560 1628 1604 1669 in
1648 1628 1754 1668 anti-

342 1704 561 1757 quissimis
624 1705 789 1757 seriptis
852 1704 1058 1752 celeriter,
1125 1718 1173 1745 ac
1236 1707 1407 1755 mature
1423 1710 1452 1744 4,
1516 1707 1561 1745 in
1626 1703 1758 1757 Odys-

344 1782 408 1822 sia
490 1783 654 1822 vetere:
745 1781 941 1834 «Topper
1029 1781 1130 1822 facit
1193 1781 1394 1822 homines
1458 1781 1597 1822 utrius
1670 1782 1758 1822 fue-

343 1860 431 1899 rint
445 1864 499 1904 fif.»
576 1858 771 1911 «Topper
803 1857 874 1898 citi
927 1858 981 1898 ad
1035 1857 1139 1898 aedis
1194 1858 1392 1898 venimus
1436 1857 1582 1906 Circae,
1629 1858 1756 1899 simul

345 1934 493 1975 duona
586 1940 770 1981 eoruml
861 1937 1037 1988 portant
1122 1934 1176 1976 ad
1238 1935 1374 1976 navis.
1457 1934 1595 1975 millia
1673 1934 1760 1975 alia

342 2012 389 2050 in
453 2010 589 2051 isdem
652 2011 993 2051 inserinuntur.»
1085 2008 1376 2065 „Tibicines†
1444 2011 1575 2051 etiam
1608 2010 1654 2050 hi
1687 2024 1758 2064 ap-

293 2110 307 2133 5
346 2086 586 2139 pellantur,
651 2088 723 2140 qui
814 2087 1060 2128 sacerdotes
1158 2088 1237 2127 viri
1324 2087 1507 2140 speciosi
1588 2086 1761 2140 publice

342 2177 463 2204 sacra
574 2164 754 2215 faciunt,
868 2164 1075 2205 tubarum
1190 2164 1517 2205 lustrandarum
1609 2165 1758 2216 gratia.

340 2237 564 2294 ''Torrens
648 2241 977 2294 participialiter
1057 2254 1137 2294 pro
1202 2254 1384 2281 exurens
1460 2241 1650 2294 ponitur,
1713 2243 1759 2281 ut

342 2319 404 2358 est
468 2317 583 2370 apud
648 2318 883 2359 Pacuvium
931 2319 976 2358 in
1024 2317 1243 2370 Antiopa:
1313 2317 1564 2358 «Flammeo
1627 2330 1757 2370 vapo-

338 2407 383 2433 re
478 2397 644 2434 torrens
756 2397 876 2435 terrm
969 2394 1107 2434 fetum
1230 2394 1477 2435 exusserit.»
1597 2394 1756 2446 signifi-

278 2486 313 2509 ³0
348 2471 417 2510 cat
494 2470 625 2510 etiam
710 2471 903 2519 fluvium,
987 2469 1139 2510 subitis
1206 2470 1417 2510 imbribus
1481 2470 1758 2517 concitatum,

342 2547 415 2598 qui
440 2545 606 2598 alioqui
628 2546 890 2586 siccitatibus
911 2546 1127 2595 exarescit,
1149 2546 1221 2599 qui
1236 2552 1252 2593 l·
1279 2552 1389 2593 usa†
1412 2552 1577 2599 quam³s
1601 2547 1758 2599 ipsam,

342 2635 436 2674 quae
470 2622 577 2670 fluit,
642 2622 805 2663 flumen
889 2625 1000 2663 recte
1087 2622 1170 2662 dici
1253 2623 1313 2663 ait
1394 2622 1542 2663 Aelius
1604 2621 1757 2663 Gallus

342 2698 368 2737 l.
422 2700 474 2739 Π.
531 2711 624 2751 qua¹
689 2699 741 2739 ad
805 2699 870 2738 ius
933 2699 1167 2751 pertinent.
1229 2700 1419 2739 ceterum
1482 2699 1595 2751 volgi
1658 2712 1756 2738 con-

341 2773 571 2815 suetudine
636 2777 868 2827 utrumque
931 2774 1018 2815 iam
1081 2774 1165 2814 diei
1228 2774 1406 2824 flumen,
1446 2777 1486 2816 et
1518 2787 1756 2828 perennem
