2072 3222
319 118 404 159 330
465 131 521 159 Qu
538 130 605 154 ΧΠ.
619 127 664 153 ⁶20.
726 131 848 158 FESTI
862 130 1020 157 FRAGM.
1036 130 1061 156 E
1076 130 1168 157 con.
1184 129 1306 157 FARN.
1322 130 1361 158 L.
1376 130 1459 158 xv1.
1651 130 1682 153 P.
1698 127 1750 154 250
1762 130 1804 155 M.

390 247 440 288 de
450 246 590 286 Vestae
604 245 821 298 segetibus
835 247 1009 298 saepius
1030 248 1065 295 ἦν,
1091 246 1164 298 qui
1179 245 1305 286 certis
1322 245 1473 286 diebus
1488 246 1599 286 circa
1612 246 1805 287 Vestalia

389 322 655 375 aperituri.†
713 321 803 361 dies
856 322 1046 374 religiosi
1089 321 1320 362 habentur.
1399 320 1418 376 ΙΙ
1441 321 1599 362 Planta
1652 322 1802 375 oliagi-

389 412 472 440 nea
504 403 566 439 est
609 399 726 451 virga
768 398 921 439 foliata
953 413 1001 439 ex
1034 398 1131 438 olea
1163 398 1426 451 deplantata.
1608 395 1627 453 ΙΙ
1649 398 1804 439 Pomo-

388 474 461 514 nal
525 477 587 515 est
648 475 693 514 in
756 487 858 527 agro
922 474 1111 524 Solonio,
1174 475 1244 516 via
1305 474 1492 515 Ostiensi
1544 474 1599 515 ad
1643 474 1800 516 duode-

337 570 350 591 2·‚
386 551 544 590 cimum
636 551 826 604 lapidem
921 551 1186 592 deverticulo
1262 566 1285 592 a
1352 551 1540 592 miliario
1634 554 1800 593 octavo.

318 946 354 970 10

316 1717 350 1741 20

315 2105 350 2129 25

314 2481 350 2504 31»

388 623 406 680 ΙΙ
428 627 570 667 Pubes
604 631 645 668 et
676 629 749 681 qui
781 628 942 681 pubem
980 630 996 669 ‘t
1034 641 1241 679 generare
1286 630 1453 681 potest3
1493 627 1560 667 his
1599 630 1615 670 †
1652 628 1803 681 incipit

387 716 479 743 esse
542 717 567 743 a
631 703 978 757 quattuordecim
1041 705 1192 745 annis:
1257 705 1423 745 femina
1485 704 1751 758 aquodecem
1780 710 1797 743 †

387 780 465 819 viri
496 783 664 833 potens,
699 782 787 822 sive
820 781 1006 834 patiens,
1040 784 1087 822 ut
1119 781 1296 834 quidam
1328 783 1500 834 putant.
1625 779 1643 836 ΙΙ
1666 781 1802 821 Pran-

387 855 531 896 dicula
562 856 731 910 antiqui
755 857 971 906 dicebant,
1021 871 1117 910 qua}
1150 871 1269 897 nunc
1301 857 1538 898 lentacula.
1569 860 1585 897 t
1653 854 1671 911 ΙΙ
1694 856 1798 897 Pro-

389 932 528 985 diguae
574 933 724 974 hostiae
783 936 1008 982 vocantur,
1054 937 1099 974 ut
1154 934 1212 975 ait
1266 933 1495 983 Veranius,
1549 947 1643 987 quae
1698 947 1799 974 con-

386 1012 633 1059 sumuntur,
676 1010 792 1051 unde
845 1009 1048 1050 homines
1105 1023 1279 1063 quoque
1333 1009 1558 1058 luxuriosi,
1611 1009 1796 1063 prodigi.

387 1082 405 1140 ΙΙ
429 1084 634 1127 Petronia
666 1086 807 1126 amnis
844 1089 908 1127 est
942 1086 988 1126 in
1021 1086 1209 1127 Tiberim
1244 1086 1460 1139 perfluens
1480 1120 1489 1136 ,
1536 1099 1667 1139 quam
1710 1099 1801 1126 ma-

385 1162 590 1214 gistratus
625 1163 853 1216 auspicato
887 1165 1129 1212 transeunt,
1170 1176 1268 1202 cum
1303 1161 1347 1202 in
1381 1176 1534 1215 campo
1569 1161 1672 1215 quid
1703 1175 1799 1214 age-

384 1252 430 1279 re
454 1240 621 1280 Volunt.
656 1239 772 1293 quod
794 1253 931 1293 genus
965 1240 1130 1292 auspici
1163 1253 1370 1292 peremne
1404 1242 1596 1280 vocatur.
1622 1252 1801 1280 amnem

337 1341 351 1364 5
387 1318 534 1357 autem
558 1317 802 1368 t'eniinine†
836 1316 1045 1370 antiquod
1073 1323 1090 1352 4
1127 1316 1434 1357 enuntiabant.
1556 1313 1574 1371 ΙΙ
1598 1315 1803 1357 Penetra-

388 1392 427 1432 le
462 1393 719 1434 sacrificium
754 1393 922 1443 dicitur,
958 1394 1073 1447 quod
1106 1394 1312 1434 interiore
1345 1396 1467 1446 parte
1501 1393 1661 1433 sacrari
1699 1405 1799 1433 con-

387 1469 542 1510 ficitur.
602 1470 717 1510 unde
781 1474 821 1511 et
882 1470 1125 1524 penetralia
1193 1471 1403 1523 cuiusque
1468 1469 1696 1518 dicuntur3
1761 1471 1804 1509 et

388 1560 520 1598 penes
543 1560 636 1593 nos,
671 1546 789 1600 quod
810 1549 857 1587 in
879 1549 1094 1600 potestate
1117 1549 1267 1587 nostra
1301 1548 1377 1586 est.
1442 1543 1460 1601 ΙΙ
1492 1546 1630 1595 «Puri,
1653 1545 1797 1598 probi,

386 1623 571 1675 profani,
595 1624 661 1663 sui
685 1623 802 1664 auri»
828 1622 985 1663 dicitur
1007 1624 1052 1662 in
1076 1622 1423 1663 manumissione
1456 1635 1679 1664 sacrorum
1703 1635 1800 1662 cau·

386 1713 446 1739 sa.
472 1714 521 1740 ex
545 1701 701 1752 quibus
724 1700 821 1753 puri
845 1699 1071 1752 significat,
1097 1699 1211 1753 quod
1234 1700 1277 1739 in
1302 1713 1383 1739 usu
1407 1712 1538 1752 porco
1558 1701 1575 1735 †
1593 1711 1685 1739 non
1707 1699 1798 1738 fue—

387 1778 456 1816 rit.
487 1777 610 1829 probi
641 1776 757 1830 quod
781 1779 895 1817 recte
923 1779 1150 1816 excoctum
1173 1778 1496 1829 purgatumque
1520 1775 1588 1815 sit.
1611 1774 1799 1828 profani,

388 1853 503 1905 quod
526 1866 697 1894 sacrum
721 1866 812 1894 non
836 1855 890 1894 sit
912 1856 952 1893 et
976 1852 1092 1906 quod
1116 1855 1235 1893 omni
1259 1853 1467 1904 religione
1500 1852 1695 1892 solutum
1718 1851 1773 1890 sit
1787 1866 1796 1899 ;

387 1930 467 1977 sui,
491 1930 607 1982 quod
630 1930 825 1970 alienum
848 1943 938 1970 non
963 1929 1030 1970 sit.
1096 1927 1114 1984 ΙΙ
1138 1929 1372 1970 Pacionem
1395 1927 1562 1981 antiqui
1585 1927 1800 1976 dicebant,

387 2020 517 2058 quam
561 2020 679 2047 nunc
720 2007 966 2060 pactionem
1010 2006 1208 2047 dicimus.
1252 2004 1368 2045 unde
1393 2007 1433 2045 et
1466 2004 1636 2058 pacisce
1671 2009 1688 2046 i
1725 2002 1797 2043 ad-

385 2082 483 2132 huc,
527 2085 568 2122 et
610 2096 741 2136 paceo
779 2085 795 2113 Τ
834 2083 878 2122 in
924 2096 1005 2122 usu
1049 2084 1258 2122 remanet.
1366 2078 1384 2136 ΙΙ
1408 2080 1585 2122 Presan.
1620 2113 1628 2120 .

385 2172 519 2211 porca
572 2159 738 2208 dicitur,
792 2162 838 2200 ut
901 2161 961 2199 ait
1027 2158 1249 2206 Veranius,
1305 2171 1400 2211 quae
1465 2156 1638 2197 famili-aff
1690 2168 1797 2208 pugn

386 2235 543 2275 nanda?
564 2237 580 2265 4
639 2249 770 2276 causa
823 2235 965 2275 Cereri
1027 2235 1293 2282 immolatur,
1343 2233 1458 2287 quod
1519 2246 1620 2286 pars
1683 2245 1796 2285 quie-

387 2294 510 2352 dam‘
551 2312 642 2352 eius
704 2311 883 2352 sacrifici
945 2311 993 2351 fit
1056 2312 1101 2351 in
1164 2313 1398 2363 conspectu
1472 2309 1630 2350 mortui
1694 2308 1797 2356 eius,

387 2389 509 2428 cuius
541 2389 672 2428 funus
706 2388 958 2428 instituitur.
1053 2386 1071 2442 ΙΙ
1099 2387 1324 2428 «Pateram
1358 2386 1635 2439 perplovere»
1664 2384 1709 2424 in
1733 2397 1798 2424 sa—

385 2466 465 2505 eris
490 2478 587 2505 cum
624 2464 791 2514 dicitur,
826 2464 1040 2516 significat
1071 2467 1293 2517 pertusam
1330 2476 1434 2503 esse.
1529 2459 1546 2516 ΙΙ
1569 2460 1798 2501 Pastillum

386 2544 448 2581 est
487 2540 532 2580 in
571 2541 700 2581 sacris
743 2541 821 2581 libi
864 2553 999 2592 genus
1042 2539 1234 2581 rutundi.
1345 2536 1363 2593 ΙΙ
1387 2538 1527 2578 Puilia
1569 2550 1672 2578 saxa
1705 2550 1796 2577 esse

387 2616 439 2656 ad
472 2620 661 2669 portum,
697 2617 768 2669 qui
801 2616 855 2656 sit
887 2615 1128 2656 secundum
1176 2615 1380 2663 Tiberim,
1415 2614 1474 2654 ait
1506 2613 1667 2653 Fabius
1701 2612 1795 2652 Lic-

387 2698 452 2733 tor
496 2696 527 2742 l,
563 2707 691 2746 quem
726 2693 873 2733 locum
920 2695 1045 2745 putat
1086 2692 1233 2732 Labeo
1279 2690 1377 2738 dici,
1412 2690 1487 2729 ubi
1519 2689 1647 2729 fuerit
1678 2688 1796 2728 Fica-

386 2782 444 2809 na
477 2771 545 2810 via
579 2768 765 2810 Ostiensi
811 2768 865 2809 ad
910 2767 1103 2821 lapidem
1147 2766 1441 2807 undecimum.
1623 2762 1642 2820 ΙΙ
1664 2764 1796 2804 Pave-
