2072 3222
224 182 329 209 75-76
625 184 680 212 DE
703 183 1045 211 SIGNIFICATIONE
1062 184 1302 212 VERBORUM.
1649 171 1702 210 5⁴3

223 300 557 351 Deincipem
580 299 750 352 antiqui
774 298 973 339 dicebant
994 301 1192 352 proximo
1217 313 1433 353 quemque
1449 302 1639 353 captum,
1658 302 1705 340 ut

282 370 524 424 principem
543 370 733 422 primum
758 371 947 422 captum.

224 440 513 482 Diomedis
537 440 679 493 campi
700 441 746 480 in
769 439 933 493 Apulia
955 441 1250 493 appellantur,
1274 441 1345 493 qui
1362 441 1399 482 ei
1421 442 1468 481 in
1493 440 1703 481 divisione

282 513 416 565 regni,
443 524 574 564 quam
599 524 697 551 cum
720 510 879 551 Dauno
901 509 1017 560 fecit,
1046 514 1279 552 cesserunt.

224 579 517 623 Diomedia
538 581 701 631 insula,
731 582 777 621 in
801 594 887 633 qua
909 580 1140 622 Diomedes
1164 581 1361 634 sepultus
1385 584 1462 631 est,
1496 581 1705 622 excedens
1729 599 1742 620 ε,

284 652 425 694 ltalia.

225 722 547 774 Depontani
569 735 695 763 senes
719 721 1071 775 appellabantur,
1110 724 1182 774 qui
1206 722 1473 774 sexagenarii
1497 721 1548 762 de
1571 724 1706 775 ponte

285 793 598 834 deiciebantur.

225 863 561 905 Desiderare
586 865 628 904 et
651 862 1007 904 considerare
1041 876 1065 902 a
1087 862 1301 904 sideribus
1325 863 1407 904 dici
1441 866 1606 904 certum
1629 865 1704 903 est.

226 935 503 975 Decures*
533 933 800 974 decuriones,
1730 950 1764 974 10

226 1002 654 1046 Defomitatum*
671 1017 695 1045 a
709 1003 933 1044 fomitibus
952 1003 1182 1053 succisum,
1203 1004 1361 1057 quibus
1375 1004 1593 1045 confoveri
1617 1006 1707 1045 erat

286 1076 475 1116 solitum.

227 1145 603 1198 Depeculatus
627 1158 651 1184 a
673 1157 827 1198 pecore
847 1144 1016 1185 dicitur.
1041 1144 1123 1194 Qui
1147 1145 1263 1184 enim
1283 1144 1498 1197 populum
1521 1144 1706 1194 fraudat,

285 1217 511 1270 peculatus
532 1230 664 1270 poena
685 1217 872 1257 tenetur.

227 1287 596 1329 Decultarunt
617 1286 742 1328 valde
766 1287 1053 1327 occultarunt.
1712 1303 1744 1327 15

227 1357 611 1400 Deealicatum
635 1358 749 1398 calce
772 1357 913 1398 litum.

228 1429 398 1470 Dium
420 1428 568 1481 fulgur
588 1428 873 1482 appellabant
896 1427 1116 1476 diurnum,
1142 1428 1256 1480 quod
1279 1428 1490 1480 putabant
1512 1427 1637 1476 lovis,
1661 1429 1711 1467 ut

289 1503 551 1540 nocturnum
576 1498 820 1540 Summani.

229 1570 468 1612 Dieassit
491 1570 656 1611 dixerit.

1730 1655 1766 1678 20

231 1779 486 1822 Elueum
509 1782 723 1834 significat
746 1781 1002 1835 languidum
1027 1796 1075 1823 ac
1098 1783 1426 1830 semisomnum,
1463 1782 1542 1829 vel,
1567 1784 1615 1821 ut
1637 1780 1709 1821 alii

290 1853 458 1902 volunt,
481 1852 796 1894 alucinatorem
816 1856 855 1894 et
877 1866 1095 1906 nugarum
1111 1856 1362 1900 amatorem,
1387 1852 1473 1892 sive
1489 1852 1708 1899 halonem,

290 1923 331 1963 id
371 1927 432 1964 est
469 1923 674 1963 hesterno
712 1923 813 1964 vino
852 1924 1149 1976 languentem,
1194 1923 1307 1976 quod
1352 1922 1476 1963 ἕωλον
1519 1922 1711 1962 vocitant

291 1993 440 2035 Graeci.

161 2082 174 2091 ⁵
230 2064 450 2111 Emere,
491 2063 607 2117 quod
641 2078 759 2105 nunc
793 2067 856 2105 est
890 2067 1086 2114 mercari,
1122 2064 1292 2116 ant-iqui
1326 2063 1597 2116 accipiebant
1633 2076 1710 2116 pro

291 2148 474 2175 sumere.

231 2204 419 2246 Elices
442 2205 549 2245 sulci
572 2205 754 2257 aquarii,
777 2219 855 2258 per
878 2219 986 2257 quos
1003 2219 1116 2258 aqua
1138 2205 1319 2245 collecta
1343 2202 1538 2244 educitur
1561 2220 1581 2243 e
1605 2203 1708 2244 liris.

231 2275 454 2316 Ennam
477 2275 678 2316 etiamne.

231 2344 512 2387 Elaudare
535 2347 635 2399 plus
660 2360 790 2398 quam
812 2346 1056 2387 nominare.
1733 2361 1769 2383 30

232 2415 521 2456 Elecebrae
558 2416 881 2467 argentariae
916 2416 1163 2457 meretrices
1196 2415 1250 2456 ab
1286 2415 1498 2455 eliciendo
1532 2416 1710 2465 argento

293 2485 427 2527 dictae.

233 2556 505 2597 Electabo
530 2557 714 2597 eliciam.

233 2626 589 2677 Enumquam
612 2627 849 2679 ecquando.

234 2697 571 2738 Emussitata
593 2697 645 2738 ad
669 2700 880 2738 amussim
902 2699 1025 2739 facta.
1734 2711 1767 2734 35

234 2766 559 2808 Endoitium
581 2767 769 2808 initium.

235 2837 343 2878 Em
365 2840 473 2878 tum.
