2072 3222
248 181 386 208 126-127
641 183 695 210 DE
718 183 1062 212 SiGNIFICATIONE
1085 185 1328 214 VERBORUM.
1674 172 1723 212 91

246 298 501 340 Matellio
525 298 845 339 deminutivum
868 312 893 339 a
915 299 1093 340 matula.

245 367 713 420 Magmentatum*
741 368 880 421 magis
904 371 1246 421 augmentatum.

247 437 503 480 Madulsa
532 438 688 487 ebrius,
723 452 749 479 a
772 437 920 479 Graeco
946 439 1078 493 μαδᾷν
1104 439 1351 489 deductum,
1382 441 1450 481 vel
1473 443 1572 494 quia
1594 440 1729 482 madi-

306 509 384 550 dus
408 510 512 550 satis
535 523 559 550 a
582 509 696 550 vino.

245 580 608 631 Magisterare
631 580 862 621 moderari.
890 579 1012 621 Unde
1037 579 1232 636 masyistrzss
1254 594 1345 622 non
1369 582 1510 623 solum
1535 581 1730 624 doctores
1773 599 1786 622 5

305 652 475 700 artium,
500 650 574 692 sed
599 652 729 692 etiam
753 664 978 703 pagorum,
1004 651 1272 701 societatum,
1298 653 1505 702 xicorum,
1530 653 1731 706 collegio-

304 735 415 771 rum,
441 722 634 775 equitum
659 721 875 769 dicuntur,
912 721 1012 774 quia
1035 735 1188 762 omnes
1219 722 1263 762 hi
1286 723 1425 775 magis
1460 725 1611 765 ceteris
1634 737 1730 777 pos-

303 795 405 833 sunt
420 807 430 841 3
454 791 569 833 unde
587 794 628 832 et
642 790 930 846 maqistratus,
947 793 1019 845 qui
1035 805 1112 844 per
1125 793 1308 845 imperia
1329 792 1598 846 potentiores
1616 797 1730 844 sunt,

303 876 433 916 quam
465 863 645 916 privati3
682 875 775 915 quae
810 875 891 903 vox
925 861 1091 902 duabus
1126 862 1507 915 significationibus
1541 866 1731 906 notatur.

305 933 413 974 Nam
448 935 522 973 aut
558 934 700 986 ipsam
734 945 970 985 personam
1006 932 1290 981 demonstrat,
1323 934 1371 973 ut
1393 946 1492 974 cum
1525 933 1728 976 dicimus:
1754 950 1787 975 10

304 1002 577 1059 mam-stratus
612 1000 751 1051 iussit,
796 1007 871 1044 aut
905 1002 1133 1050 honorem,
1177 1006 1224 1043 ut
1262 1016 1359 1043 cum
1399 1002 1578 1045 dicitur:
1616 1001 1730 1047 Titio

303 1073 581 1129 7naqistratus
605 1071 732 1116 datas
755 1080 824 1116 cst.

244 1145 522 1186 Maximus
558 1143 813 1196 pontifex
848 1143 1016 1192 dicitur,
1052 1143 1166 1197 quod
1202 1146 1417 1185 maximus
1441 1158 1600 1192 rerum,
1635 1159 1727 1199 quae

303 1215 356 1256 ad
379 1228 501 1256 sacra
524 1218 565 1256 et
586 1214 820 1267 religiones
835 1214 1069 1267 pertinent,
1094 1214 1220 1255 iudex
1239 1215 1293 1255 sit
1316 1213 1554 1268 vindexque
1578 1218 1726 1256 contu-

303 1288 452 1326 maciae
476 1285 745 1339 privatorum
770 1285 1202 1338 magistratuumque.
1753 1304 1784 1327 ις,

242 1356 420 1408 Magis
443 1370 467 1397 a
490 1355 639 1397 Graeco
665 1357 818 1410 μᾶλλον
843 1357 971 1396 venit.

242 1427 550 1468 Maximam
584 1426 825 1467 hostiam
860 1427 982 1468 ovilli
1017 1427 1184 1480 pecoris
1219 1427 1514 1480 appellabant,
1552 1441 1642 1468 non
1676 1428 1727 1468 ab

302 1497 593 1550 amplitudine
617 1497 824 1550 corporis,
849 1496 923 1538 sed
947 1498 998 1538 ab
1021 1497 1167 1537 animo
1191 1496 1442 1549 placidiore.

243 1568 510 1619 Magnum
524 1578 782 1608 socerum
795 1567 991 1621 appellat
1006 1567 1069 1608 vir
1087 1567 1229 1608 uxoris
1253 1581 1339 1608 suae
1355 1581 1497 1609 avum.
1514 1565 1723 1623 Maqnam

301 1652 461 1681 socrum
487 1639 550 1679 vir
573 1639 717 1680 uxoris
741 1653 827 1680 suae
851 1638 1008 1679 aviam.
1750 1654 1783 1678 20

244 1709 477 1750 Maximi
510 1708 739 1750 annales
776 1709 1124 1762 appellabantur,
1168 1722 1259 1749 non
1294 1707 1608 1761 magnitudine,
1653 1707 1726 1748 sed

302 1780 417 1834 quod
441 1794 513 1821 eos
536 1780 733 1833 pontifex
756 1782 971 1821 maximus
996 1780 1262 1820 confecisset.

244 1851 522 1891 Maximus
546 1850 712 1897 Curio,
738 1851 857 1891 cuius
881 1851 1134 1891 auctoritate
1159 1850 1301 1897 curiae,
1327 1862 1563 1902 omnesque
1587 1848 1722 1890 curio·

303 1935 379 1962 nes
401 1924 625 1974 reguntur.
