2072 3222
349 169 402 209 62
663 181 787 209 PAULI
809 180 1025 209 EXCERPTA
1048 181 1102 209 Ex
1124 181 1208 208 LIB.
1231 180 1354 209 POMP.
1380 180 1503 210 FESTI
1724 180 1831 206 87——88

348 297 566 338 Famuli
589 297 707 349 origo
732 296 785 337 ab
811 294 930 335 Oscis
955 294 1212 348 dependet*,
1246 295 1362 349 apud
1386 309 1491 348 quos
1515 310 1664 338 servus
1689 294 1830 351 famel

406 368 730 416 nominabatur,
753 366 869 406 unde
894 367 934 407 et
952 362 1130 419 familia
1154 369 1320 408 vocata.

348 438 578 490 Fagutal
600 437 811 479 sacellum
835 437 962 484 Iovis,
991 436 1036 476 in
1061 450 1146 489 quo
1168 438 1250 478 fuit
1270 438 1396 491 fagus
1419 439 1559 488 arbor,
1594 453 1686 491 quae
1710 438 1828 480 Iovis

407 523 527 551 sacra
548 508 807 549 habebatur.

309 596 322 619 5
347 580 500 629 FOVi‚
527 579 599 632 qui
622 592 740 619 nunc
765 575 809 620 F
806 576 878 620 (ιι-ι’,
901 578 1195 631 appellantur,
1220 578 1333 629 dicti,
1364 578 1481 632 quod
1502 581 1705 633 princeps
1727 594 1828 632 gen-

405 651 458 691 tis
481 651 572 690 eius
596 664 644 691 ex
667 662 718 690 ea
739 651 867 691 natus
891 650 959 699 sit,
989 662 1087 689 cum
1112 663 1197 702 qua
1217 649 1429 691 Hercules
1453 650 1498 690 in
1521 650 1647 693 fovea
1669 664 1827 692 concu—

404 722 511 761 buit.
534 720 622 760 Alii
643 722 816 773 putant,
841 733 939 760 eum
962 719 1152 772 primum
1177 719 1428 770 ostendisse,
1455 721 1827 774 quemadmodum

404 793 495 833 ursi
518 794 559 832 et
580 791 674 844 lupi
695 791 830 832 foveis
854 792 1125 844 caperentur.

345 862 521 903 Faces
544 861 712 914 antiqui
735 861 947 908 dicebant,
972 862 1019 901 ut
1040 860 1159 901 fides.

288 947 322 971 10
345 932 594 980 Famino,
622 931 764 972 dicito.

345 1003 552 1043 Facem
573 1003 619 1042 in
642 1001 809 1054 nuptiis
844 1002 888 1042 in
912 1001 1128 1042 honorem
1163 1000 1329 1042 Cereris
1362 1002 1675 1054 praeferebant;
1713 1017 1829 1056 aqua

405 1073 711 1126 aspergebatur
733 1085 848 1113 nova
870 1074 1023 1125 nupta,
1058 1074 1145 1113 sive
1169 1076 1217 1112 ut
1249 1073 1368 1113 66616
1389 1086 1585 1126 puraque
1609 1073 1662 1114 ad
1684 1074 1827 1115 virum

403 1144 580 1192 veniret,
606 1144 693 1184 sive
709 1146 756 1183 ut
768 1145 916 1196 ignem
932 1145 1059 1196 atque
1074 1156 1234 1196 aquam
1251 1157 1348 1183 cum
1364 1143 1454 1184 viro
1471 1145 1826 1186 communicaret.

344 1214 555 1256 Fabam
577 1228 656 1255 1166
678 1217 872 1267 tangere,
894 1227 974 1254 nec
997 1216 1227 1254 nominare
1245 1213 1361 1254 Diali
1384 1214 1554 1255 flamini
1571 1216 1684 1263 licet,
1710 1215 1826 1268 quod

286 1300 318 1324 15
405 1300 456 1327 ea
489 1288 670 1338 putatur
704 1284 759 1325 ad
791 1287 988 1325 mortuos
1022 1286 1253 1338 pertinere.
1297 1284 1409 1325 Nam
1447 1288 1486 1325 61
1520 1285 1827 1327 Lemuralibus

406 1358 558 1398 iacitur
580 1357 724 1404 larvis,
762 1358 803 1397 et
836 1356 1139 1397 Parentalibus
1174 1355 1402 1397 adhibetur
1435 1355 1669 1405 sacrificiis,
1705 1358 1747 1397 et
1780 1358 1826 1397 in

405 1427 507 1469 flore
532 1428 622 1468 eius
646 1428 789 1468 luctus
812 1427 964 1468 litterae
987 1440 1197 1481 apparere
1221 1425 1434 1467 videntur.

344 1498 578 1539 Flamen
601 1497 777 1538 Dialis
801 1497 955 1547 dietus,
979 1496 1095 1550 quod
1117 1497 1191 1537 filo
1216 1496 1388 1537 assidue
1411 1496 1578 1537 veletur
1592 1512 1602 1544 ,·
1637 1496 1825 1551 indeque

403 1569 650 1623 appellatur
671 1568 845 1617 flamen,
870 1569 995 1621 quasi
1016 1568 1209 1609 filamen.
1249 1567 1388 1608 Dialis
1411 1571 1557 1609 autem
1580 1568 1827 1622 appellatur

284 1653 319 1678 20
403 1654 427 1680 a
449 1640 546 1690 Dio,
571 1653 595 1679 a
619 1653 702 1692 quo
726 1639 814 1681 vita
837 1638 931 1680 dari
953 1640 1191 1692 putabatur
1213 1639 1485 1679 hominibus,

343 1710 595 1751 Famella
620 1710 938 1751 deminutivum
963 1723 988 1750 a
1009 1710 1141 1750 fama.

343 1781 577 1822 Faviani
600 1784 640 1822 et
663 1779 989 1835 Quintil-‘lani
1011 1780 1352 1833 appellabantur
1374 1780 1554 1833 luperci,
1580 1793 1603 1820 a
1626 1780 1760 1821 Favio
1785 1783 1826 1821 et

404 1852 614 1902 Quintilio
637 1851 883 1905 praepositis
907 1852 1008 1892 suis.

344 1922 637 1963 Fastorum
659 1922 760 1963 libri
784 1921 1078 1975 appellantur,
1112 1923 1157 1962 in
1182 1921 1340 1974 quibus
1375 1923 1510 1962 totius
1533 1922 1638 1962 anni
1671 1921 1719 1962 111
1754 1921 1822 1962 de-

285 2007 319 2030 25
404 1992 592 2046 scriptio.
616 1993 736 2033 Fasti
760 1992 877 2033 enim
903 1992 992 2033 dies
1015 1991 1113 2032 festi
1137 1993 1252 2032 sunt.

344 2063 561 2103 Fanum
584 2076 608 2103 a
630 2063 784 2103 Fauno
808 2061 984 2110 dictum,
1021 2062 1109 2102 sive
1133 2074 1157 2101 a
1179 2061 1326 2110 fando,
1362 2061 1477 2114 quod
1501 2060 1604 2101 dum
1627 2060 1824 2114 pontifex

405 2134 587 2183 dedicat,
610 2137 726 2174 certa
748 2134 877 2173 verba
899 2132 1027 2173 fatur.

344 2204 646 2254 Fastigium
669 2203 836 2243 aedificii
859 2216 1095 2243 summum.

344 2275 482 2315 Favi
504 2288 529 2315 a
550 2273 749 2315 fovendo.

285 2358 318 2382 30
344 2345 555 2385 Favisae
591 2346 737 2386 locum
773 2347 832 2385 sic
867 2344 1167 2397 appellabant,
1202 2346 1249 2383 in
1275 2356 1359 2395 quo
1395 2344 1486 2384 erat
1517 2355 1630 2395 aqua
1651 2341 1822 2382 inclusa

405 2417 516 2456 circa
537 2416 718 2468 templa.
753 2414 865 2456 Sunt
888 2418 1048 2463 autem,
1074 2415 1147 2466 qui
1169 2416 1339 2467 putant,
1373 2414 1534 2455 favisas
1559 2426 1650 2453 esse
1673 2413 1719 2452 in
1743 2411 1819 2454 Ca-

402 2485 553 2539 pitolio
579 2485 697 2525 cellis
733 2486 1016 2537 cisternisque
1051 2484 1226 2532 similes,
1262 2484 1335 2524 ubi
1357 2483 1512 2536 reponi
1545 2486 1669 2523 erant
1692 2482 1822 2524 solita

403 2569 469 2604 ea,
493 2569 585 2607 quae
611 2556 655 2596 in
679 2556 845 2610 templo
870 2558 1083 2597 vetustate
1108 2557 1231 2595 erant
1253 2554 1368 2595 facta
1390 2554 1578 2595 inutilia.

344 2625 615 2666 Faventia
648 2626 813 2667 bonam
837 2625 1155 2666 ominationem
1192 2624 1419 2678 significat.
1454 2623 1563 2664 Nam
1598 2635 1819 2676 praecones

286 2709 319 2732 3⁵
405 2696 643 2737 clamantes·
686 2697 903 2750 populum
947 2696 1165 2736 sacrificiis
1197 2692 1348 2749 furere
1390 2694 1615 2736 iubebant.
1658 2693 1819 2734 Favere

404 2766 518 2806 enim
550 2768 614 2805 661
635 2766 752 2806 bona
786 2766 881 2814 fari,
919 2769 961 2806 at
982 2769 1148 2807 veteres
1183 2768 1321 2818 poeta>
1355 2777 1433 2817 pro
1468 2764 1594 2804 silere
1617 2763 1683 2803 usi
1718 2764 1820 2803 sunt

402 2836 556 2876 favere.

1861 2074 1894 2108 88
