2072 3222
288 132 372 173 548
413 144 471 173 ou.
493 144 580 175 xvi„
602 142 627 168 4.
697 143 818 170 Fsssrt
845 142 1001 170 FRAGM.
1026 141 1080 168 Ex
1105 141 1253 169 APOGR.
1277 141 1316 168 L.
1341 141 1407 168 xx.
1601 142 1633 166 p.
1653 138 1707 165 360
1726 141 1766 165 Μ.

290 1029 324 1053 10

289 1406 323 1431 15

359 336 507 383 idem†
556 336 630 385 sic,
669 335 742 383 ita,
778 336 828 374 ut
860 333 977 387 apud
1017 332 1190 374 Graecos
1222 346 1396 386 quoque
1436 330 1559 378 οὕτως
1599 330 1770 384 ἀγαθόν.

360 407 468 447 Item
494 420 544 447 ex
562 404 780 446 contrario
804 406 842 445 ei
865 403 1074 444 dicimus:
1100 417 1233 457 quam
1255 404 1398 444 malus
1419 403 1655 450 Homerus,
1679 405 1770 444 tam

359 484 500 523 bonus
543 480 775 528 Cherilus†
817 482 950 534 poeta
995 482 1072 521 est.
1136 481 1191 520 At
1252 478 1424 533 antiqui
1484 481 1575 520 tam
1638 478 1771 520 etiam

358 572 438 612 pro
481 561 629 599 tamen
672 558 739 598 usi
795 560 910 606 sunt,
953 559 1002 597 ut
1057 556 1254 597 Naevius:
1326 555 1494 606 «Quid†
1540 557 1575 596 si
1619 558 1773 605 taceat,

360 636 465 676 dum
530 634 686 683 videat,
750 636 840 675 tam
901 633 1020 683 Sciat,
1085 632 1190 685 quid
1252 633 1461 685 Scriptum
1525 633 1616 673 sit.»
1684 631 1771 672 En-

360 712 480 752 nius:
532 712 636 752 «Ille
685 724 792 751 meae
836 712 928 751 tam
971 711 1084 763 potis
1148 709 1267 762 pacis
1309 708 1479 763 potiri.»
1528 709 1770 750 Titinnius:

366 788 508 829 «Bene
553 801 651 828 cum
697 787 896 835 facimus,
939 788 1029 826 tam
1073 786 1188 826 male
1225 786 1470 834 subimus†,
1515 788 1562 826 ut
1595 784 1770 838 quidem

359 864 593 918 perhibent
639 863 757 904 viri.»
821 863 956 904 Item:
1006 862 1312 915 «Quamquam
1357 862 1458 903 estis
1506 861 1650 910 nihili,
1683 863 1773 902 tam

361 943 567 987 escator†
615 940 745 980 simul
779 940 902 980 vobis
936 939 1174 980 consului.»
1244 936 1263 994 Η
1282 938 1477 980 Tandem
1520 952 1619 979 cum
1642 938 1771 990 signi-

360 1016 462 1058 ficat
513 1015 763 1070 aliquando,
820 1016 1041 1057 interdum
1093 1019 1244 1057 tamen
1283 1030 1331 1056 ex
1374 1027 1641 1068 supervacuo
1697 1027 1771 1067 po-

361 1094 494 1141 nitur,
527 1096 576 1133 ut
608 1093 722 1146 apud
755 1093 1009 1134 Terentium
1044 1094 1089 1133 in
1113 1092 1390 1140 Phormione,
1421 1106 1519 1133 cum
1556 1092 1637 1132 ait:
1669 1090 1774 1131 «Ita-

363 1185 417 1211 ne
470 1170 649 1211 tandem
703 1183 883 1210 uxorem
948 1168 1068 1210 duxit
1131 1169 1325 1222 Antipho
1390 1168 1558 1208 iniussu
1613 1171 1769 1208 meo‘P»

363 1262 454 1288 non
509 1249 625 1288 enim
678 1246 748 1287 hic
810 1250 984 1299 tempus
1038 1246 1179 1286 ullum
1233 1244 1460 1298 significat.
1524 1246 1578 1286 At
1627 1243 1775 1286 Cicero

363 1325 494 1366 etiam
557 1323 750 1376 duplicat
799 1323 1088 1376 temporalem
1136 1322 1513 1375 significationem,
1560 1334 1658 1361 cum
1692 1322 1773 1361 ait:

367 1400 587 1441 «Tandem
621 1399 899 1452 aliquando.»
969 1396 988 1453 ΙΙ
1004 1398 1135 1439 Tauri
1165 1399 1449 1451 verbenaeque
1485 1398 1531 1438 in
1554 1410 1774 1438 commen-

360 1477 470 1517 tario
535 1489 760 1516 sacrorum
835 1474 1049 1528 significat
1110 1474 1209 1515 ficta
1270 1474 1500 1515 farina-eea.
1595 1471 1614 1528 Η
1641 1473 1775 1514 Tama

362 1553 528 1603 (licitur,
565 1566 663 1593 cum
706 1552 857 1594 labore
900 1552 979 1592 viee
1013 1552 1191 1604 sanguis
1224 1552 1269 1591 in
1304 1565 1428 1593 crura
1476 1549 1700 1591 descendit
1733 1551 1773 1590 et

296 1658 299 1662 -
360 1632 575 1671 tumorem
641 1629 756 1670 facit.
818 1628 1037 1669 Lucilius:
1108 1627 1300 1680 «Inguen
1362 1641 1417 1668 ne
1470 1628 1633 1676 existat,
1699 1639 1772 1679 pa·

280 1796 324 1834 v20

291 2183 325 2207 25

294 2556 330 2581 30

359 1707 487 1760 pulae,
549 1709 668 1747 tama
729 1719 783 1746 ne
849 1705 930 1745 boa
1002 1705 1160 1745 noxit.»
1290 1702 1308 1758 ΙΙ
1338 1703 1505 1744 Taenias
1581 1701 1777 1744 Graecam

359 1795 508 1823 vocem
583 1784 643 1822 sic
724 1782 1035 1834 interpretatur
1116 1779 1305 1829 Verrius,
1387 1782 1434 1819 ut
1515 1778 1628 1820 dicat
1711 1791 1776 1819 or-

362 1861 621 1900 namentum
681 1871 772 1898 esse
834 1857 1013 1897 laneum
1088 1858 1240 1909 capitis
1302 1855 1521 1905 honorati,
1597 1858 1646 1895 ut
1723 1855 1780 1895 sit

365 1935 480 1989 apud
509 1934 730 1976 Caecilium
764 1934 810 1974 in
834 1933 1127 1986 Androgyno:
1157 1932 1475 1986 «Sepulchrum
1501 1932 1683 1985 plenum
1706 1933 1776 1971 tae-

362 2012 550 2059 niarum,
594 2011 654 2052 ita
696 2013 744 2051 ut
786 2010 934 2059 solet‚»
984 2015 1025 2050 et
1067 2009 1202 2050 alias:
1279 2009 1424 2050 «Dum
1467 2008 1658 2057 taeniam,
1704 2007 1779 2060 qui

363 2088 522 2129 volnus
532 2088 866 2140 vinciret,petit»
877 2086 1117 2127 ,Enniusin
1127 2085 1387 2126 Alexandro:
1405 2085 1592 2125 «Volane
1607 2084 1658 2125 de
1675 2083 1778 2125 caelo

362 2178 461 2205 cum
536 2176 699 2204 corona
761 2164 803 2203 et
865 2162 1043 2203 taeniis.»
1131 2162 1285 2202 Accius
1347 2162 1393 2201 in
1463 2160 1773 2214 Neoptolemo:

371 2240 620 2281 «Decorare
665 2242 728 2280 est
770 2238 917 2287 satius,
960 2251 1090 2291 quam
1123 2238 1314 2284 urbem†
1351 2240 1392 2278 et
1425 2237 1604 2278 taeniis.»
1654 2233 1775 2291 ssTae-

365 2317 519 2357 dulum
581 2316 747 2369 antiqui
809 2314 1030 2355 interdum
1094 2327 1172 2367 pro
1242 2313 1483 2362 fastidioso,
1558 2312 1778 2354 interdum

366 2393 483 2446 quod
560 2393 766 2434 omnibus
843 2391 969 2433 taedio
1047 2393 1171 2439 esset,
1254 2404 1416 2443 ponere
1480 2390 1597 2431 soliti
1660 2392 1776 2430 eunt.

366 2468 385 2525 ΙΙ
403 2470 576 2511 Tatium
698 2469 887 2510 occisum
1008 2468 1069 2508 ait
1190 2467 1347 2508 Lavini
1467 2467 1521 2507 ab
1629 2465 1778 2506 amicis

367 2560 517 2587 eorum
590 2547 843 2599 legatorum,
919 2557 1026 2598 quos
1095 2543 1404 2584 interfecerant
1475 2542 1640 2589 Titini†
1713 2541 1776 2582 13-

367 2626 524 2672 troneS,
607 2621 681 2663 sed
775 2621 997 2675 sepultum
1078 2620 1124 2659 in
1208 2620 1510 2660 Aventiniensi
1592 2618 1775 2659 laureto.

367 2698 492 2749 Quod
525 2697 578 2739 ad
622 2697 988 2750 significationem
1048 2696 1283 2736 verborum
1345 2709 1435 2736 non
1497 2694 1634 2746 magis
1678 2707 1774 2747 per-

367 2775 490 2823 tinet,
583 2786 713 2827 quam
804 2773 997 2825 plurima
1079 2771 1165 2812 alia
1247 2774 1287 2812 et
1383 2771 1601 2824 praeterita
1692 2769 1779 2810 iam
