2072 3222
291 142 376 182 552
419 154 477 183 Qu,
498 153 572 178 xw.
594 153 621 178 6.
711 154 833 181 FESTI
856 154 1013 183 FRAGM.
1036 154 1092 182 Ex
1115 155 1263 184 APOGR.
1288 156 1327 184 L.
1351 155 1417 184 xx.
1574 156 1606 180 P.
1627 154 1680 180 363
1699 157 1738 181 M.

363 268 525 310 dictum
567 269 621 311 ab
665 268 855 322 antiquis
897 282 978 310 nec
1032 283 1076 311 se
1131 269 1293 312 habere
1334 270 1396 312 rei
1439 273 1659 313 auctorem
1703 272 1772 313 ait.

363 343 521 401 ”Teres
545 345 590 386 in
610 345 884 398 longitudine
916 346 1213 397 rotundatum,
1243 348 1392 400 quales
1415 361 1580 388 asseres
1616 349 1774 389 natura

359 423 589 464 ministrat.

359 495 378 553 ΙΙ
391 497 640 552 Terpsicore
663 511 827 539 nomen
844 497 995 548 Musae,
1021 512 1116 552 quae
1135 499 1239 540 deos
1258 498 1545 553 hominesque
1569 498 1771 542 delectat.

360 571 379 630 ΙΙ
393 573 586 615 Tertium
602 576 805 628 quartum
819 574 989 616 differre
1005 575 1065 616 ait
1079 588 1105 616 a
1118 576 1245 616 tertio
1262 577 1416 629 quarto
1431 575 1641 629 quintus†,
1653 575 1769 629 quod

284 975 318 998 10

281 1363 314 1387 15

277 1974 312 1997 20

356 651 459 705 quid
482 652 647 692 factum
671 652 725 694 sit
747 651 973 705 significat.

358 725 673 783 ”Termentum
755 741 835 781 pro
918 741 982 778 eo,
1049 728 1164 781 quod
1246 742 1365 769 nunc
1427 728 1583 770 dicitur
1644 728 1769 769 detri—

355 805 570 854 mentum,
701 803 836 844 utitur
992 804 1173 845 Plautus
1293 804 1338 844 in
1459 803 1768 846 Bacchidibus.

357 878 709 936 ”Teretinatibus
724 886 753 928 †,
791 880 864 933 qui
887 894 911 921 a
933 880 1114 921 flumine
1143 880 1304 922 Terede
1329 880 1428 922 dicti
1467 882 1770 923 existimantur

353 959 396 998 et
477 957 645 1010 syllaba
727 958 818 998 eius
900 957 1026 998 tertia
1106 959 1289 1006 mutata,
1354 960 1394 998 et
1454 970 1533 1010 pro
1608 957 1768 998 Terede

353 1032 507 1075 Teram
530 1032 660 1074 scribi
685 1032 902 1075 debuisse.

1195 1108 1485 1166 ssTripudium
1529 1144 1537 1152 .

353 1186 498 1240 spiciis
591 1187 636 1227 in
730 1186 997 1228 exultatione
1090 1186 1299 1240 tripudiat

351 1277 377 1304 a
412 1266 528 1305 terra
575 1262 793 1316 pavienda
843 1265 946 1304 sunt
993 1263 1119 1304 dicta.
1165 1277 1268 1304 nam
1310 1263 1459 1316 pavire
1508 1266 1571 1304 est
1623 1264 1764 1313 ferire,

350 1353 375 1381 a
437 1352 520 1393 quo
584 1342 625 1380 et
686 1340 951 1393 pavimenta.
1014 1339 1055 1380 id
1119 1353 1168 1380 ex
1259 1339 1425 1389 Graeco,
1508 1340 1623 1393 quod
1699 1340 1765 1380 illi

352 1416 559 1457 ΠΑΓΕΙΝ
587 1422 604 1464 †
644 1416 759 1470 quod
782 1430 861 1458 nos
884 1416 1009 1458 ferire

350 1506 472 1534 mum
494 1493 683 1535 intactus
703 1499 719 1541 ἢ
741 1507 849 1534 usur

351 1733 551 1790 “Templi
574 1735 713 1788 figura
734 1736 777 1776 in
801 1735 1095 1783 diffinitione†
1120 1736 1303 1788 augurii.

347 1951 365 2008 ΙΙ
386 1951 685 2010 Tempestatem

357 2290 396 2335 T
395 2306 455 2334 em
458 2299 575 2349 pasta
638 2326 645 2333 .
