2072 3222
299 142 384 182 550
427 155 484 184 Qu.
508 155 581 179 xvi.
603 153 628 179 5.
717 155 841 182 FEsrr
863 156 1019 184 FRAGM.
1043 155 1098 182 Ex
1119 155 1268 184 APOGR.
1294 156 1331 184 L.
1356 156 1421 184 xx,
1616 157 1648 181 P.
1668 155 1722 180 363
1741 156 1781 180 M-

300 975 312 999 1
321 976 336 997 (1

298 1353 331 1378 15

295 1742 331 1766 20

297 2118 330 2142 25

296 2504 331 2529 30

371 274 412 312 et
473 271 679 324 deinceps
743 285 837 324 quae
910 271 1165 313 referentur.
1289 269 1308 327 ΙΙ
1324 273 1567 314 Taurorum
1640 275 1782 326 specie

370 348 603 388 simulacra
677 347 924 397 fluminum,
1000 349 1043 389 id
1118 352 1182 390 est
1256 363 1353 390 cum
1416 349 1638 399 cornibus,
1700 349 1782 390 for-

369 426 560 473 mantur,
634 423 751 477 quod
812 427 915 465 sunt
977 425 1136 466 atrocia
1197 428 1246 466 ut
1307 427 1434 466 tauri.
1558 423 1784 481 nTalionis

370 501 641 541 mentionem
663 500 757 542 fieri
782 501 827 541 in
849 501 933 542 XII
969 502 1028 542 ait
1050 502 1228 543 Verrius
1250 501 1332 542 hoc
1357 502 1513 543 modo:
1559 502 1627 544 «Si
1650 516 1783 543 mem-

369 578 496 618 brum
544 577 700 630 rapit†,
740 578 788 618 ni
821 592 921 619 cum
969 592 1018 619 eo
1082 579 1212 631 pacit,
1274 579 1379 620 talio
1443 581 1574 620 esto.»
1642 592 1784 632 neque

369 653 411 693 id
476 653 579 706 quid
664 654 888 707 significet,
984 654 1160 703 indicat.
1242 658 1348 708 puto
1431 656 1531 708 quia
1632 658 1785 696 notum

370 731 434 771 est
448 745 458 778 ;
503 732 716 784 permittit
769 730 888 771 enim
932 731 1001 771 lex
1053 745 1203 784 parem
1257 731 1509 773 vindictam.
1574 730 1785 787 ssTarqui-

369 807 450 848 tias
513 807 667 856 scalas,
706 821 813 860 quas
876 821 948 848 rex
1011 807 1274 861 Tarquinius
1338 807 1562 861 Superbus
1623 808 1784 857 fecerit,

372 884 658 926 abominandi
722 886 813 925 eius
875 885 1068 925 nominis
1130 886 1269 937 gratia
1316 887 1375 926 ita
1419 885 1660 938 appellatas
1694 898 1785 926 esse

371 962 429 1001 ait
464 961 592 1014 volgo
627 961 878 1002 existimari.
972 959 990 1016 ΙΙ
1007 960 1198 1014 Tarpeiae
1245 974 1336 1002 esse
1384 961 1569 1014 effigiem
1618 961 1678 1003 ita
1710 975 1783 1015 ap-

370 1038 525 1091 pellari
599 1040 758 1091 putant
821 1037 997 1091 quidam
1060 1038 1105 1078 in
1168 1038 1257 1079 aede
1319 1038 1434 1079 Iovis
1495 1037 1732 1079 Metellinze
1751 1043 1783 1086 †‚

371 1114 463 1155 eius
525 1114 725 1156 videlicet
784 1114 830 1155 in
894 1115 1153 1156 memoriam
1228 1115 1421 1168 virginis,
1500 1129 1593 1168 quae
1655 1116 1782 1168 pacta

370 1205 395 1231 a
457 1189 631 1232 Sabinis
705 1190 906 1231 hostibus
981 1204 1044 1240 ea,
1117 1204 1210 1244 quse
1285 1191 1331 1231 in
1394 1191 1579 1231 sinistris
1642 1191 1781 1232 mani-

369 1267 451 1307 bus
513 1267 736 1316 haberent,
771 1270 818 1308 ut
851 1268 933 1308 sibi
967 1267 1130 1317 darent,
1192 1268 1309 1308 intro
1372 1267 1537 1309 miserit
1577 1281 1651 1308 eos
1684 1281 1784 1308 cum

367 1357 465 1396 rege
529 1343 658 1384 Tacio
674 1349 703 1392 †,
755 1344 827 1396 qui
880 1347 1032 1397 postea
1094 1344 1140 1384 in
1201 1357 1307 1398 pace
1369 1343 1571 1384 facienda
1624 1343 1784 1385 caverit

369 1434 394 1461 a
426 1421 628 1469 Romulo,
653 1423 702 1461 ut
736 1433 787 1461 ea
822 1419 996 1461 Sabinis
1033 1434 1205 1474 semper
1239 1423 1417 1475 pateret.
1482 1418 1501 1476 ΙΙ
1521 1421 1651 1462 «Tam
1672 1421 1785 1474 perit

369 1511 500 1550 quam
526 1499 717 1538 extrema
739 1497 862 1538 faba»
892 1498 938 1537 in
955 1497 1187 1551 proverbio
1207 1500 1285 1547 est,
1305 1497 1426 1550 quod
1444 1511 1494 1539 ea
1525 1497 1784 1551 plerumque

369 1576 445 1614 aut
526 1574 772 1627 proteritur,
856 1577 930 1615 aut
1014 1573 1256 1627 decerpitur
1321 1588 1345 1614 a
1405 1574 1785 1628 praetereuntibus.

369 1648 680 1704 uTappulam†
715 1650 854 1703 legem
877 1650 1149 1691 convivalem
1185 1650 1286 1690 ficto
1322 1650 1503 1691 nomine
1527 1650 1783 1703 conscripsit

366 1726 512 1767 iocoso
547 1727 739 1767 carmine
773 1726 970 1767 Valerius
1009 1727 1283 1776 Valentinus,
1331 1728 1454 1768 cuius
1488 1741 1544 1768 m.
1589 1727 1783 1768 Lucilius

366 1803 446 1844 hoc
470 1802 623 1844 modo:
657 1803 965 1856 «Tappulam†
992 1803 1134 1844 rident
1158 1804 1294 1856 legem
1325 1818 1502 1845 concere
1523 1809 1540 1851 †
1565 1803 1711 1857 opimi.
1733 1809 1778 1851 †»

369 1876 662 1934 flTermonem
756 1879 925 1920 Ennius
1020 1880 1170 1922 Graeca
1264 1880 1583 1921 consuetudine
1666 1879 1781 1929 dixit,

368 1969 498 2009 quem
530 1970 613 1997 nos
646 1970 765 1997 nunc
810 1957 1049 1997 terminum
1094 1957 1175 1997 hoc
1221 1957 1375 1998 modo:
1441 1957 1641 2011 «Ingenti
1662 1957 1782 1997 vadit

367 2046 507 2083 CUI'SU,
556 2046 641 2086 qua
684 2032 878 2074 redditus
921 2035 1060 2074 termo
1107 2037 1208 2075 est.»
1266 2037 1329 2075 et:
1371 2033 1630 2075 «Hortatore
1663 2034 1779 2074 bono

370 2108 504 2161 prum,
526 2122 658 2162 quam
681 2109 767 2149 iam
785 2108 944 2150 finibus
963 2112 1140 2151 termo.»
1170 2108 1188 2165 ΙΙ
1203 2110 1423 2151 Trientem
1441 2110 1619 2151 tertium
1634 2109 1780 2163 pondo

366 2198 576 2226 coronam
679 2199 858 2226 auream
969 2185 1136 2227 dedisse
1256 2200 1299 2228 se
1422 2187 1513 2227 Iovi
1616 2186 1782 2227 donum

365 2262 536 2315 scripsit
627 2262 671 2302 T.
737 2261 938 2312 Quintius
1021 2262 1217 2305 Dictator
1285 2277 1384 2304 cum
1448 2277 1525 2317 per
1619 2276 1780 2304 novem

367 2337 457 2378 dies
501 2337 679 2380 totidem
712 2339 838 2379 urbes
884 2342 926 2379 et
970 2339 1183 2380 decimam
1228 2339 1444 2380 Praeneste
1490 2340 1683 2393 cepisset.
1738 2338 1782 2379 id

366 2413 608 2465 significare
661 2415 721 2455 ait
774 2414 947 2455 Cincius
1008 2416 1052 2456 in
1108 2415 1439 2469 Mystagogicon
1491 2416 1519 2456 l.
1572 2415 1628 2456 Π.
1673 2415 1781 2455 duas

366 2489 498 2531 libras
544 2491 692 2543 pondo
727 2494 767 2532 et
798 2492 1016 2541 trientem,
1072 2505 1158 2545 qua
1196 2492 1512 2533 consuetudine
1564 2491 1780 2545 hodieque

367 2567 543 2615 utimur,
598 2581 696 2608 cum
758 2568 929 2620 lignum
1002 2568 1077 2609 bes
1141 2569 1325 2609 alterum
1389 2567 1586 2617 dicimus,
1629 2566 1673 2607 id
1717 2570 1781 2608 est

366 2643 521 2695 pedem
575 2645 615 2684 et
668 2643 817 2684 besem
871 2644 1116 2685 latitudinis
1174 2644 1366 2693 habens;
1422 2647 1463 2685 et
1518 2645 1778 2692 sestertium,

366 2718 409 2758 id
452 2721 515 2759 est
558 2719 666 2760 duos
710 2733 828 2760 asses
871 2722 913 2761 et
955 2720 1180 2761 semissem
1235 2721 1427 2761 tertium.
1469 2721 1575 2761 item
1618 2720 1653 2759 si
1694 2723 1780 2761 tres

368 2808 483 2835 asses
507 2797 609 2836 sunt
632 2799 674 2837 et
692 2798 871 2848 quartus
891 2796 1123 2848 quadrans.
1149 2794 1167 2851 ΙΙ
1191 2796 1372 2837 Tei-sum
1392 2796 1507 2837 diem
1526 2809 1604 2850 pro
1625 2808 1780 2837 sereno
