2072 3222
348 135 433 175 310
494 147 551 176 QU.
571 146 640 171 ΧΠ.
661 145 704 171 10.

348 957 384 983 10

347 1345 381 1371 15

346 1723 382 1747 20

346 2111 380 2135 25

348 2499 383 2524 30

419 266 485 302 rat

419 352 490 379 era

418 429 467 454 ex
501 448 508 455 .

416 494 461 532 ta
503 523 513 533 .

417 574 497 620 sfip

417 644 499 683 seri

416 719 495 758 viri

417 808 521 836 eone
580 829 588 836 .

417 871 463 911 in
506 885 556 913 eo

417 948 520 989 licto
581 983 589 989 .

416 1027 535 1067 istim
580 1059 588 1066 .

418 1115 553 1144 consu

419 1191 467 1218 os
490 1184 562 1220 aut

418 1268 549 1295 nemo

418 1331 565 1372 dicant
657 1366 665 1373 .

417 1408 515 1449 trib‘
546 1408 665 1450 XXX

418 1484 469 1526 sle
508 1485 647 1539 eapite
706 1486 743 1525 01

418 1563 568 1602 velam]
604 1558 707 1604 XII
725 1595 734 1603 .

418 1638 578 1679 nefieos
602 1638 788 1692 quinque

415 1717 538 1764 nant,
561 1714 662 1768 quia
685 1714 766 1767 ipsi
790 1714 836 1754 in
877 1748 884 1755 .

416 1794 485 1831 tur
506 1804 595 1832 non
619 1791 752 1831 Poeni
768 1797 798 1841 †,
823 1793 1021 1844 quamvis

417 1869 560 1916 antur,
584 1869 626 1908 et
648 1867 863 1908 Punicum
894 1868 962 1907 bel
1024 1901 1031 1907 .

416 1944 610 1991 lanterJs:
647 1957 752 1985 nam
787 1957 896 1997 quae
931 1943 1052 1984 soleb
1099 1977 1106 1984 .

416 2020 562 2073 logan]
584 2021 755 2061 Ennius
777 2020 823 2061 in
845 2027 874 2073 s)

415 2097 658 2138 brariorum
676 2096 747 2150 qui
765 2109 901 2150 eaque
918 2101 935 2143 †
954 2097 1041 2136 fem
1097 2129 1104 2136 .

418 2173 522 2214 lino.
548 2173 679 2214 etiam
701 2172 783 2225 ipsi
807 2171 894 2214 Gra
951 2206 957 2212 .

417 2262 505 2301 gos,
529 2249 809 2303 philargyros

416 2327 508 2366 rius
525 2325 753 2379 appellari,
788 2331 882 2366 muz‘v

417 2415 499 2442 vox
521 2403 755 2455 explana'oa
775 2415 868 2443 non

418 2478 602 2518 nomina
624 2479 753 2519 etiam
776 2479 823 2518 in
845 2479 886 2517 vi

420 2553 601 2595 dicimus
622 2557 713 2596 ‘nam
736 2554 805 2594 hie
827 2553 938 2606 lapis
961 2568 985 2606 q
1021 2586 1029 2593 .

420 2630 532 2684 cipia
554 2630 847 2683 appellantur,
869 2643 962 2682 quae

420 2721 523 2748 nem
544 2720 689 2747 rerum
713 2705 972 2759 significant,
997 2720 1018 2746 e

420 2786 629 2836 tempora,
653 2795 861 2835 personas
883 2781 1015 2834 reeipi

751 147 873 175 FESTI
888 148 1044 175 FRAGM.
1059 148 1086 175 E
1100 147 1194 176 COD.
1209 147 1332 176 FARN.
1349 148 1388 176 L.
1403 148 1486 176 XVI.
1667 147 1698 173 P.
1720 145 1769 172 241
1792 147 1835 174 M.

1393 1747 1401 1755 .
1457 1711 1475 1769 ΙΙ
1492 1710 1654 1755 Punici
1688 1747 1696 1754 .

1542 1977 1549 1984 .
1590 1941 1608 1998 n
1622 1940 1771 1985 Phao-

1537 2586 1545 2593 .
1590 2550 1609 2607 ΙΙ
1625 2549 1771 2594 Parti-
