2072 3222
316 160 398 200 ‘⁴258
461 171 518 200 Qu.
540 170 574 195 x.
595 169 639 194 18.
764 170 882 197 FESTI
897 170 1053 197 FRAGM.
1070 169 1123 196 Ex
1137 169 1284 197 APOGR.
1300 170 1340 197 L.
1356 169 1421 198 XV.
1626 169 1656 192 1’.
1678 167 1731 193 210
1752 168 1791 193 M.

314 986 349 1011 lo

316 1750 351 1774 20

319 2524 355 2547 31.

386 285 701 343 “Piscatorium
742 300 799 328 aes
837 288 1007 327 vetusto
1045 298 1164 326 more
1208 286 1471 339 appellatur,
1516 281 1630 338 q'uod
1689 286 1734 325 in

385 367 532 406 monte
629 364 795 404 Albano
880 362 1006 404 datur
1088 374 1164 415 pro
1247 361 1452 415 piscibus.
1538 360 1556 417 ΙΙ
1573 362 1732 402 Pedam

385 441 613 493 vestigium
682 439 865 480 humani
908 438 1125 493 praecipue
1168 437 1291 490 pedis
1334 437 1579 491 appellasse
1623 439 1732 478 anti-

385 530 489 570 quos
552 517 595 556 in
658 515 982 556 commentariis
1045 513 1304 567 quibusdam
1366 513 1551 554 inveniri
1612 514 1734 555 solet.

384 591 403 649 ΙΙ
418 593 563 634 Pescia
598 592 643 633 in
678 591 824 633 saliari
858 591 1050 633 carmine
1074 590 1221 632 Aelius
1245 589 1355 631 Stilo
1388 590 1470 631 (lici
1494 589 1554 630 ait
1577 590 1734 643 capitia

385 684 434 712 ex
473 669 659 722 pellibus
698 668 869 720 agninis
906 670 1032 717 facta,
1072 667 1183 720 quod
1221 665 1359 708 Graeci
1392 667 1529 721 pelles
1580 671 1736 708 vocent

386 759 509 799 pesce
524 748 679 786 neutro
694 758 851 797 genere
867 744 1110 797 pluraliter.
1121 741 1140 799 ΙΙ
1150 743 1410 784 Pestiferum
1421 743 1568 796 fulgur
1577 742 1736 784 dicitur

385 836 471 876 quo
554 835 671 862 mers
735 821 965 862 exiliumve
1043 820 1277 873 significari
1355 821 1473 861 solet.
1554 818 1734 875 {lPisali-

385 901 473 940 tem
488 905 505 945 †
548 898 742 952 appellat
790 897 962 938 Nzevius
1000 897 1350 946 Pantaleontem,
1388 897 1430 937 id
1469 900 1532 938 est
1570 912 1590 937 e
1630 897 1736 938 Pisis

386 974 618 1016 oriundum
695 977 942 1027 tyrannum,
1006 987 1103 1014 cum
1166 974 1329 1026 alioqui
1392 973 1491 1014 inde
1553 973 1736 1026 profecti

388 1065 505 1092 nun(-
554 1051 703 1092 Pisani
760 1051 972 1092 dicantur.
1034 1048 1052 1105 ΙΙ
1068 1049 1256 1090 Pedibus
1315 1051 1515 1091 obsitum.
1574 1049 1616 1090 id
1675 1053 1738 1091 est

386 1128 611 1182 pediculis,
668 1127 855 1168 Titinius
910 1127 1165 1180 pedicosum
1220 1126 1415 1180 appellat
1457 1126 1538 1167 hoc
1581 1126 1734 1167 modo:

391 1206 503 1245 «Rus
543 1203 796 1245 detrudetur
834 1203 1072 1257 pedicosus,
1112 1202 1375 1256 squalidus.»
1421 1202 1556 1243 Pedes
1590 1204 1735 1244 autem

386 1295 462 1334 pro
526 1280 749 1334 pediculis,
810 1281 867 1320 sic
925 1279 1103 1320 Plautus
1162 1279 1291 1319 refert
1347 1278 1391 1319 in
1450 1278 1736 1320 Curculione:

338 1374 350 1394 r,
394 1358 525 1398 «Item
580 1362 748 1409 genus†
802 1357 915 1397 inter
969 1355 1166 1397 homines
1221 1369 1317 1396 meo
1362 1354 1535 1408 quiden]
1579 1355 1737 1405 animo,

387 1438 435 1475 ut
501 1448 674 1484 muscae,
719 1434 891 1483 culices,
937 1433 1123 1481 cimices,
1168 1432 1398 1485 pedesque,
1444 1432 1732 1485 pulicesque.»

388 1515 429 1552 et
470 1510 617 1552 Livius
659 1510 704 1550 in
748 1508 977 1550 Gladiolo:
1023 1508 1215 1549 «Pulices
1253 1522 1319 1558 118,
1360 1522 1416 1549 an
1455 1509 1640 1555 cimices.
1682 1522 1738 1548 an

386 1587 531 1642 pedes,
575 1586 790 1640 responde
832 1585 978 1627 mihi.»
1028 1588 1068 1626 et
1105 1585 1323 1625 Lucilius:
1369 1584 1474 1625 «Ubi
1512 1598 1581 1625 me
1620 1584 1736 1632 vidit,

388 1666 517 1717 caput
549 1663 697 1710 scabit,
732 1662 862 1716 pedes
896 1662 1038 1714 legit.»
1080 1659 1308 1716 ”Pesestas
1343 1661 1456 1701 inter
1490 1661 1589 1710 alia,
1642 1674 1735 1713 quw

387 1741 453 1781 sii
488 1740 599 1781 inter
633 1740 928 1793 precationem
963 1737 1180 1787 dicuntur,
1206 1751 1303 1778 cum
1327 1737 1490 1778 fundus
1513 1737 1736 1783 lustratur,

387 1816 630 1869 significare
704 1815 874 1856 videtur
948 1815 1259 1868 pestilentiam,
1331 1818 1379 1854 ut
1442 1814 1623 1867 intelligi
1690 1827 1738 1854 ex

387 1894 537 1935 ceteris
560 1894 744 1946 possunt
758 1898 788 1940 †,
810 1905 941 1944 quom
960 1891 1116 1932 dicitur
1134 1906 1141 1931 ε
1168 1893 1370 1931 «Avertas
1389 1891 1606 1937 morbum,
1625 1904 1737 1931 mor-

387 1974 489 2019 tem,
571 1970 730 2016 labem,
815 1968 1034 2018 nebulam,
1118 1967 1458 2021 impetiginem.»
1542 1965 1559 2022 ΙΙ
1575 1967 1739 2008 Pedum

387 2047 531 2088 baculi
574 2059 710 2099 genus
752 2046 994 2093 incurvum,
1038 2047 1085 2084 ut
1128 2044 1215 2085 Vir.
1252 2045 1296 2084 in
1320 2045 1423 2085 Buc.
1472 2057 1604 2096 quom
1649 2044 1737 2084 ait:

340 2139 353 2162 5
394 2124 471 2164 «At
507 2128 554 2163 tu
592 2136 714 2163 sume
752 2121 923 2175 pedum,
965 2120 1079 2173 quod
1118 2134 1185 2161 me
1225 2134 1322 2161 cum
1363 2134 1473 2174 saepe
1527 2123 1732 2172 rogaret.»

391 2198 410 2255 ΙΙ
442 2199 627 2240 «Pedem
671 2199 816 2240 struit»
866 2200 911 2238 in
981 2196 1078 2238 XII.
1136 2197 1349 2250 significat
1403 2197 1526 2250 fugit,
1580 2199 1628 2238 ut
1681 2197 1741 2237 ait

391 2276 480 2317 Ser.
572 2275 799 2328 Sulpicius.
897 2272 915 2329 Η
931 2274 1095 2315 Pistum
1179 2273 1358 2327 pisendo
1441 2273 1739 2326 perpolitum†

390 2352 556 2404 antiqui
653 2351 919 2404 frequentius
1017 2350 1303 2403 usurpabant,
1399 2363 1528 2403 quam
1623 2363 1739 2390 nunc

390 2443 469 2469 nos
573 2428 766 2468 dicimus.
871 2425 890 2481 ΙΙ
905 2426 1136 2467 Pedarium
1236 2425 1489 2467 Senatorem
1580 2426 1738 2477 signifi-

390 2509 457 2547 cat
512 2504 716 2551 Lucilius,
773 2517 905 2557 quom
959 2504 1042 2543 ait:
1103 2503 1314 2556 «Agipes†
1370 2516 1518 2544 vot-em
1573 2502 1740 2543 mittere

391 2582 568 2634 coepit,»
635 2582 707 2634 qui
765 2580 825 2621 ita
882 2579 1145 2633 appellatur,
1207 2579 1307 2631 quia
1381 2579 1535 2620 tacitus
1604 2581 1739 2619 trans-

392 2658 532 2698 eundo
597 2657 650 2698 ad
714 2671 826 2706 eum,
894 2656 1016 2696 cuius
1080 2654 1342 2696 sententiam
1406 2654 1574 2708 probat,
1642 2654 1742 2707 quid

391 2736 559 2783 sentiat,
674 2733 842 2774 indicat.
956 2731 974 2787 ΙΙ
990 2732 1209 2772 Piscatorii
1324 2731 1415 2771 ludi
1517 2733 1739 2778 vocantur,
