2072 3222
268 141 353 183 4932
417 154 475 184 Qu.
489 154 547 178 xv.
562 152 588 179 5.
674 154 796 182 FEsri
809 154 966 182 FRAGM.
982 154 1009 181 Ε
1025 154 1117 183 coo.
1133 155 1255 183 FARN.
1273 156 1311 182 L.
1326 156 1463 184 xvnn.
1588 156 1619 180 P.
1640 154 1693 180 333
1712 157 1752 181 Μ,

341 270 505 322 figurae.
553 269 841 310 «occursatrix
887 268 1116 319 artificum,
1161 270 1386 323 perditas†
1435 271 1674 324 pinturnix.
1701 279 1746 316 ψ»

341 359 390 385 ea
414 344 585 396 Grece†
613 344 770 386 dicitur
806 347 870 395 (ut
892 344 953 386 ait
975 345 1150 394 Santra)
1186 345 1494 387 ΣΙΙΙΝΘΑΡΙΣ.
1537 345 1556 402 ΙΙ
1573 347 1751 401 Spicum

340 422 580 463 masculine
674 421 842 475 antiqui
944 421 1161 472 dicebant,
1243 425 1291 464 ut
1371 422 1491 464 hunc
1573 424 1753 479 stirpem

342 501 381 539 et
433 498 546 539 hanc
588 511 778 539 amnem.
834 512 983 540 versus
1025 502 1089 540 est
1130 500 1359 552 antiquus:
1429 500 1588 551 «Quasi
1643 515 1752 543 mes-

285 591 302 616 5
339 588 412 615 sor
432 587 510 628 per
531 575 708 615 messim
730 587 1089 628 unumquemque
1126 575 1292 628 spicum
1316 575 1522 628 collegit.»
1563 574 1582 632 ΙΙ
1599 576 1754 631 Speres

341 651 511 704 antiqui
564 651 791 704 pluraliter
848 651 1066 700 dicebant,
1119 654 1166 692 ut
1216 651 1388 692 Ennius
1446 653 1473 693 l.
1527 652 1607 694 IL:
1675 653 1755 694 «Et

340 728 471 768 simul
546 727 695 780 effugit
771 741 916 781 speres
972 728 1032 769 ita
1106 727 1299 769 funditus
1361 730 1570 770 nostras.»
1632 732 1674 770 et
1726 730 1754 770 l.

340 804 479 854 XVI.;
523 804 698 858 «Spero,
722 804 756 845 si
789 818 935 858 speres
972 805 1206 858 quicquam
1244 804 1448 858 prodesse
1472 806 1585 859 potis
1607 808 1747 847 sunt.»

341 878 359 936 ΙΙ
387 881 559 935 Spectio
604 882 651 921 in
704 882 984 934 auguralibus
1032 883 1210 935 ponitur
1246 896 1324 936 pro
1375 882 1679 936 aspectione,†
1715 886 1756 924 et

270 976 306 1002 io
339 959 589 1007 nuntiato,†
624 958 724 1011 quia
742 964 759 1005 ἦ
799 971 927 999 omne
974 958 1040 999 ius
1086 972 1309 1000 sacrorum
1355 958 1534 1010 habent,
1582 960 1753 1012 Auxgu-

339 1035 501 1084 ribus,†
559 1037 721 1088 spectio
774 1034 881 1075 dum
950 1037 1080 1083 taxat,
1154 1048 1340 1087 quorum
1414 1035 1596 1076 consilio
1662 1049 1754 1076 rem

340 1114 539 1164 gererent
610 1113 886 1164 magistratus
908 1117 942 1159 †,
1028 1124 1121 1151 non
1208 1113 1256 1151 ut
1325 1114 1506 1164 possent
1577 1110 1755 1164 impedi-

340 1201 384 1228 re
437 1187 697 1236 nuntiando,
752 1201 847 1241 quae
901 1192 1032 1231 cum†
1100 1187 1306 1228 vidissent
1358 1189 1515 1234 satim
1592 1187 1754 1241 spectio

341 1265 433 1304 sine
498 1263 775 1304 nuntiatione
842 1263 941 1305 data
1008 1267 1085 1313 est,
1137 1266 1185 1304 ut
1242 1264 1325 1317 ipsi
1388 1264 1580 1317 auspicio
1663 1277 1754 1305 rem

272 1356 308 1381 15
342 1344 553 1394 gererent,
665 1354 756 1381 non
863 1343 911 1381 ut
1014 1340 1121 1382 alios
1233 1340 1495 1394 impedirent
1607 1341 1754 1382 nunti-

343 1416 473 1458 ando.
654 1415 672 1472 ΙΙ
691 1416 1004 1469 Scripturarius
1067 1430 1168 1469 ager
1228 1417 1429 1470 publicus
1492 1417 1755 1470 appellatur,

341 1495 388 1534 in
441 1506 525 1547 quo
578 1495 625 1533 ut
674 1506 832 1546 pecora
899 1495 1151 1546 pascantur,
1201 1496 1364 1534 certum
1410 1507 1468 1534 ees
1511 1496 1598 1534 est:
1653 1494 1755 1547 quia

342 1570 603 1623 publicanus
716 1569 942 1611 scribendo
1057 1570 1230 1611 conficit
1340 1570 1553 1611 rationem
1653 1583 1753 1610 cum

341 1650 527 1701 pastore.
746 1645 765 1702 ΙΙ
781 1646 953 1689 Scribas
1044 1647 1219 1701 proprio
1298 1648 1477 1687 nomine
1569 1646 1752 1699 antiqui,

269 1743 310 1769 20
342 1728 384 1766 et
444 1724 659 1773 librarios,
735 1727 776 1764 et
836 1727 986 1777 poetas
1058 1723 1287 1764 vocabant.
1371 1725 1414 1763 at
1495 1735 1611 1762 nunc
1694 1721 1754 1762 di-

342 1804 499 1842 cuntur
570 1800 718 1841 sei-ime
804 1799 1004 1854 equidem
1067 1800 1232 1850 librari,
1281 1800 1353 1853 qui
1420 1800 1611 1840 rationes
1678 1811 1753 1852 pu-

340 1879 476 1919 blicas
558 1877 754 1918 scribunt
816 1878 860 1917 in
936 1876 1113 1917 tabulis.
1196 1876 1341 1929 itaque
1425 1889 1523 1916 cum
1604 1875 1755 1916 Livius

342 1954 617 1995 Andronicus
719 1953 836 1994 bello
950 1953 1114 1994 Punico
1217 1952 1404 1993 secundo
1517 1951 1756 1993 scribsisset

342 2044 531 2081 carmen,
557 2030 673 2083 quod
696 2044 721 2072 a
749 2029 990 2082 virginibus
1014 2032 1077 2071 est
1112 2032 1350 2080 cantatum,
1375 2031 1477 2081 quia
1505 2029 1754 2081 prosperius

267 2120 303 2145 25
337 2121 448 2162 resp.
532 2108 687 2161 populi
768 2108 817 2147 R.
878 2107 967 2160 geri
1044 2109 1183 2159 coepta
1260 2108 1335 2154 est,
1411 2105 1623 2158 publice†
1679 2103 1752 2146 ad-

341 2185 502 2225 tributa
585 2188 648 2225 est
732 2186 802 2230 et†
905 2183 950 2223 in
1032 2184 1248 2223 Aventino
1332 2181 1434 2223 sedis
1536 2182 1753 2231 Minervae,

342 2262 388 2300 in
440 2274 523 2313 qua
599 2260 746 2301 liceret
820 2260 982 2308 scribis,
1066 2259 1436 2312 histrionibusque
1518 2259 1753 2300 consistere

344 2350 393 2377 ac
426 2337 541 2378 dona
585 2350 762 2390 ponere,
810 2337 856 2377 in
901 2336 1117 2377 honorem
1163 2335 1271 2385 Livi,
1305 2335 1405 2388 quia
1436 2335 1534 2381 his†
1583 2337 1624 2375 et
1655 2336 1753 2376 scri·

343 2412 475 2453 bebat
544 2413 732 2460 fabulas,
805 2415 846 2453 et
919 2413 1089 2465 agebat.
1273 2408 1497 2466 llScraptae
1551 2410 1756 2452 diceban-

270 2506 308 2531 30
341 2491 411 2530 tur
522 2489 775 2542 nugatoria»,
861 2502 908 2529 ac
993 2488 1279 2541 despiciendae
1393 2487 1610 2536 mulieres,
1708 2490 1756 2527 ut

344 2566 404 2606 ait
451 2579 565 2605 unus
581 2571 611 2614 †,
665 2565 718 2606 ab
760 2564 862 2606 hisi
920 2579 1013 2618 quae
1080 2570 1235 2615 screa†
1300 2563 1413 2605 idem
1457 2563 1755 2617 appellabant,

343 2642 385 2682 id
419 2646 482 2684 est
526 2656 620 2695 quse
662 2644 757 2695 quis
801 2655 995 2683 excreare
1040 2642 1161 2690 solet,
1208 2643 1426 2693 quatenus
1470 2639 1512 2680 id
1555 2640 1752 2681 faciendo

344 2732 388 2759 se
470 2721 688 2772 purgaret.
766 2718 953 2758 Titinius
1015 2718 1061 2758 in
1145 2717 1302 2757 Prilla:
1392 2731 1406 2753 «
1433 2715 1589 2757 lectius
1666 2729 1752 2757 me-

347 2797 489 2835 castor
590 2795 790 2836 Piculetae
894 2794 1110 2836 Postumae
1193 2794 1351 2834 lectum
1440 2791 1565 2833 hodie
1648 2794 1753 2833 stra-
