2072 3222
264 140 350 182 514

263 968 340 999 10,

262 1356 343 1382 15.

254 1735 332 1766 20,

251 2503 330 2527 30.

412 152 470 182 QU.
484 150 544 176 XV.
568 149 611 175 19.
663 151 784 179 FESTI
798 151 954 179 FRAGM.
970 152 996 179 E
1011 151 1104 178 COD.
1119 150 1242 178 FARN.
1258 151 1297 178 L.
1312 151 1450 177 XVIIII.
1584 149 1615 174 P.
1636 147 1689 173 344
1709 149 1755 174 M..

923 299 931 307 .
988 279 1126 320 eoque
1199 265 1352 306 eodem
1425 268 1491 306 est
1554 266 1748 316 nomine,

1303 339 1322 396 ΙΙ
1355 340 1506 391 Silere,
1539 344 1748 395 tangere³s

1076 420 1185 466 .ffs.-†
1247 418 1404 467 littera,
1490 432 1584 471 quae
1666 418 1745 458 ini-

1164 492 1325 550 }{Sellze
1395 494 1557 534 eurulis
1624 494 1747 535 locus

1170 571 1266 620 tori,
1406 572 1706 624 posteriusque
1726 577 1743 619 ’,Γ

1090 648 1208 689 nime
1271 641 1505 688 saccellum
1528 648 1555 698 ἢ
1631 649 1746 688 Mur-

1300 725 1471 765 ciebant
1581 726 1745 777 speeta-

924 835 932 843 .
972 800 991 856 ΙΙ
1016 798 1344 844 Sourion-causa
1367 800 1524 841 dicitur
1546 814 1571 841 a
1593 800 1746 841 morbo

1074 909 1082 917 .
1146 907 1154 915 .
1285 876 1508 925 erendum,
1622 890 1746 930 agere

1069 970 1086 995 s
1129 955 1218 995 lato
1243 954 1293 996 de
1346 968 1390 995 re
1408 960 1441 1003 †,
1503 955 1573 995 «A.
1626 954 1743 1005 Atili,

1230 1031 1346 1079 tisse,
1428 1030 1607 1071 timidus
1689 1044 1745 1072 ne

1102 1108 1161 1148 ibi
1258 1121 1435 1148 causam
1532 1107 1745 1148 sonticam

1211 1260 1359 1302 adunt.
1412 1260 1516 1302 Cato
1568 1273 1644 1313 pro
1699 1259 1744 1301 C.

999 1338 1228 1379 ihilminus
1253 1343 1269 1370 4
1355 1336 1493 1377 voluit
1574 1349 1746 1389 semper

1061 1428 1121 1455 re.
1214 1413 1423 1467 praesenti
1517 1426 1745 1466 cognosce-

933 1505 1038 1533 στρ.»
1107 1489 1125 1547 ΙΙ
1141 1490 1424 1532 Sacramento
1449 1489 1606 1530 dicitur
1629 1488 1745 1542 quod

1070 1581 1150 1609 one
1243 1566 1517 1619 interposita.
1600 1568 1742 1606 aetum

995 1648 1060 1686 sto
1114 1643 1268 1684 dicitur
1314 1642 1584 1694 interrogari,
1642 1642 1744 1695 quia

914 1754 923 1763 .
985 1723 1031 1762 in
1095 1724 1150 1772 q.
1234 1719 1468 1760 Thermum
1554 1718 1604 1759 de
1689 1717 1740 1760 X.

1263 1798 1400 1845 erant,
1482 1809 1538 1836 ne
1622 1795 1742 1835 mala

1092 1881 1118 1916 t.
1173 1874 1336 1914 seelera
1418 1872 1585 1913 nefaria
1667 1871 1740 1912 fie-

1005 1954 1081 1991 nto
1184 1949 1489 1997 traderem-,js
1555 1948 1648 2001 lege
1719 1953 1740 1987 e

697 2027 714 2084 ΙΙ
739 2026 1133 2085 Siremps-ponitm·
1156 2040 1234 2079 pro
1258 2025 1425 2073 eadem,
1449 2025 1529 2072 vel,
1554 2024 1738 2078 proinde

989 2103 1095 2145 Cato
1177 2105 1223 2143 in
1305 2100 1596 2142 dissuadendo
1678 2100 1737 2140 le-

870 2181 969 2222 liota
1032 2182 1112 2221 est:
1192 2179 1270 2219 «Et
1330 2181 1538 2231 praeterea
1599 2190 1739 2230 rogas,

867 2270 916 2297 ea
998 2257 1033 2296 si
1113 2256 1302 2309 populus
1388 2253 1737 2306 condempnave-

999 2333 1103 2381 .siet‚
1189 2332 1311 2384 quasi
1393 2329 1596 2370 adversus
1677 2329 1736 2369 le-

1023 2407 1041 2463 11
1078 2407 1277 2461 Spiciunt
1374 2407 1579 2459 antiquos
1677 2405 1737 2445 di-

761 2486 893 2534 tione,
946 2485 1066 2526 testis
1120 2488 1183 2524 est
1237 2483 1340 2524 Cato
1394 2483 1440 2522 in
1490 2496 1552 2529 ea,
1605 2494 1737 2534 quam

792 2564 959 2614 septem
979 2567 996 2590 ⁴²
1063 2560 1340 2600 hominibus:
1439 2558 1517 2599 «Ut
1576 2558 1732 2598 solent.

708 2638 830 2687 ivios,
882 2639 967 2678 nisi
1021 2637 1095 2689 qui
1143 2635 1399 2688 sempiterni
1453 2634 1570 2682 sunt,
1625 2646 1735 2686 quos

727 2718 841 2764 rant,
924 2719 1010 2760 ne'†
1107 2712 1309 2765 spiciunt,
1393 2724 1536 2763 neque
1618 2712 1736 2750 ratos

785 2788 803 2846 ΙΙ
831 2787 1167 2846 Spa-tiatorem,
1193 2791 1430 2829 erratorem
1454 2787 1557 2829 Cato
1580 2788 1684 2827 inan
1714 2791 1734 2831 {2
