2072 3222
309 569 322 591 5

289 946 325 971 10

290 1338 323 1362 15

290 1715 325 1739 20

291 2103 325 2127 25

291 2481 326 2504 30

364 118 450 157 314
512 129 570 158 or,
585 128 652 153 XII.
669 126 712 152 12.
766 130 887 157 FEsri
902 130 1058 156 FRAGM.
1074 130 1100 156 E
1115 130 1208 156 COD.
1225 130 1349 157 FARN.
1364 129 1403 156 L.
1419 130 1501 156 XVI.
1694 129 1725 153 P.
1741 126 1793 152 242
1805 129 1845 154 M.

362 260 409 286 ea
501 245 708 294 oratione,
802 258 932 298 quam
1025 245 1191 285 scribsit
1283 244 1337 286 ad
1428 245 1515 285 litis
1609 244 1847 286 Censorias.

362 319 380 376 ΙΙ
404 321 524 362 Parsi
545 335 637 362 non
661 323 848 374 peperci,
884 322 943 362 ait
976 320 1081 363 Cato
1103 322 1149 361 in
1174 321 1327 362 eadem
1351 322 1574 362 oratione:
1615 321 1738 363 «Scio
1761 321 1845 361 for·
1894 312 1899 316 ¹

360 400 491 438 tunas
602 397 812 439 secundas
923 398 1245 450 neglegentiam
1358 397 1570 451 prendere
1681 398 1821 438 solere
1837 413 1847 437 ε

361 473 475 527 quod
497 474 561 514 uti
583 474 852 527 prohibitum
874 475 996 523 irem,
1021 474 1137 527 quod
1159 475 1205 514 in
1229 488 1298 514 me
1323 476 1447 522 esset,
1471 487 1568 514 meo
1592 474 1733 515 labori
1755 486 1847 514 non

358 550 514 603 parsi.»
755 548 773 607 ΙΙ
798 551 1098 592 Praedonulos
1121 551 1224 593 Cato
1247 551 1587 605 hypocoristicos
1611 550 1715 591 dixit
1736 550 1781 590 in
1805 563 1845 590 e-

359 627 621 679 pistularum
637 634 654 675 7}
674 629 796 681 «quia
804 641 931 681 saepe
944 629 1072 669 utiles
1081 627 1282 669 videntur
1290 628 1563 681 praedonuli.
1575 644 1588 663 υ
1612 625 1847 682 ssPraecem

360 704 639 756 singulariter
700 704 816 746 idem
881 706 927 745 in
993 719 1056 753 ea,
1122 719 1228 758 quae
1293 708 1356 746 est
1420 705 1470 745 de
1534 704 1847 745 coniuratione.

361 778 378 834 ΙΙ
407 780 730 822 «Pulchralibus
749 784 875 834 atque
893 781 1076 834 cupidus
1099 788 1161 821 4».
1176 781 1291 821 idem
1309 784 1355 821 in
1379 795 1440 830 ea9
1465 795 1572 834 quae
1597 783 1661 821 est
1683 780 1734 821 de
1748 780 1844 820 fun—

361 855 414 896 do
451 857 627 898 oleario.
937 856 956 913 ΙΙ
979 859 1327 899 Punctatoriolas
1359 858 1465 898 lex-is
1497 871 1665 911 pugnas
1698 858 1845 910 appel-

359 933 421 973 lat
455 933 559 974 Cato
591 934 637 974 in
672 948 734 983 ea,
769 948 899 987 quam
934 934 1037 975 dixit
1070 935 1121 975 de
1156 949 1201 975 re
1234 934 1424 975 Histriae
1458 934 1650 974 militari.
1705 931 1723 988 ΙΙ
1746 932 1849 973 Pro-

359 1010 631 1051 aedificatum
646 1009 810 1058 dicitur„
821 1010 936 1064 quod
951 1024 1001 1051 ex
1016 1011 1182 1064 privato
1198 1011 1294 1051 loco
1309 1011 1518 1064 processit
1530 1012 1576 1050 in
1591 1010 1768 1063 publicu
1783 1023 1848 1050 so-

355 1087 461 1127 lum.
497 1084 515 1142 ΙΙ
546 1087 879 1128 Percunctatum
912 1088 1047 1141 patris
1096 1088 1289 1128 familiae
1334 1101 1497 1129 nomen
1531 1101 1586 1127 ne
1636 1086 1728 1140 quis
1761 1100 1845 1126 ser-

360 1177 460 1203 rum
514 1164 715 1212 mitteret,
770 1164 917 1216 leges†
971 1167 1153 1205 anotum
1174 1170 1190 1211 >i
1240 1165 1368 1205 fuisse
1421 1165 1478 1205 ait
1531 1164 1636 1204 Cato
1687 1164 1733 1203 in
1785 1176 1848 1207 ea,

360 1254 488 1293 quam
510 1246 526 1273 ’ὲ
544 1241 684 1293 legem
709 1239 881 1281 Orciam
901 1241 1132 1282 dissuadet.
1167 1239 1185 1296 ΙΙ
1209 1241 1454 1282 Prodidisse
1468 1254 1561 1281 non
1576 1240 1720 1281 solum
1733 1240 1780 1279 in
1797 1239 1849 1279 il-

360 1318 412 1358 lis
428 1317 583 1371 drssqui
599 1318 784 1370 patriam
798 1317 993 1358 hostibus
1011 1317 1311 1371 prodiderunt,
1323 1317 1395 1358 sed
1416 1318 1545 1358 etiam
1564 1319 1735 1370 tempus
1754 1317 1848 1357 lon-

363 1396 455 1447 gius
487 1395 651 1435 fecisse.
675 1397 723 1434 ut
745 1394 877 1436 Cato:
909 1394 1002 1443 «Te,
1028 1394 1071 1435 C.
1098 1394 1272 1435 Caecilii
1296 1400 1329 1443 4.
1351 1394 1464 1434 diem
1482 1394 1676 1447 prodisse
1702 1400 1720 1428 4
1738 1392 1850 1433 mili-

363 1472 475 1512 tibus
508 1472 693 1524 legionis
726 1471 801 1521 HL
837 1485 935 1512 cum
958 1471 1253 1524 proditionem
1286 1484 1378 1511 non
1412 1470 1659 1511 haberent.»
1730 1467 1749 1524 ΙΙ
1772 1469 1848 1510 Pa—

364 1549 553 1588 vimenta
687 1549 877 1589 Poenica
1001 1562 1218 1589 marmore
1324 1548 1550 1588 Numidico
1655 1549 1846 1587 constra-

361 1628 403 1665 ta
448 1625 659 1677 significat
704 1625 823 1675 Cato,
869 1639 969 1665 cum
1014 1625 1073 1665 ait
1114 1625 1160 1665 in
1195 1639 1256 1671 ea,
1292 1638 1421 1678 quam
1467 1624 1634 1674 habuit,
1668 1637 1723 1664 ne
1756 1623 1849 1676 quis

364 1702 458 1742 Cos.
495 1702 556 1743 bis
590 1702 735 1742 fieret:
776 1701 940 1743 «dicere
975 1715 1171 1755 possum,
1207 1702 1361 1755 quibus
1394 1701 1523 1741 villae
1556 1704 1683 1754 atque
1717 1699 1845 1740 aedes

363 1777 625 1827 aedificatae,
719 1782 845 1831 atque
924 1778 1139 1832 expolitae
1233 1778 1425 1820 maximo
1519 1790 1648 1830 opere
1742 1776 1849 1817 citro

363 1857 488 1907 atque
523 1855 649 1895 ebore
683 1857 808 1908 atque
841 1855 1101 1908 pavimentis
1144 1854 1454 1896 Poeniciistent
1506 1860 1569 1901 †».
1664 1850 1682 1908 ΙΙ
1723 1852 1848 1892 «Pro-

363 1931 450 1971 lato
513 1945 609 1972 aere
672 1931 848 1980 astitit»,
922 1931 1092 1971 Ennius
1158 1931 1353 1972 Achillae
1416 1931 1460 1970 in
1528 1936 1545 1966 4
1611 1929 1850 1970 Aristarchi

364 2021 463 2047 cum
496 2008 567 2057 ait,
613 2008 824 2060 significat
857 2008 996 2061 clipeo
1042 2012 1142 2048 ante
1177 2022 1220 2048 se
1252 2009 1469 2061 protento.
1652 2004 1671 2061 ΙΙ
1694 2005 1848 2046 Poeni-

362 2086 451 2124 tam
489 2090 506 2130 ’γ
541 2083 671 2124 offam
704 2085 889 2124 Naevius
922 2084 1117 2137 appellat
1149 2085 1383 2136 absegmen
1417 2085 1557 2124 carnis
1591 2096 1691 2123 cum
1715 2081 1845 2122 coda:

363 2161 527 2213 antiqui
579 2165 726 2202 autem
780 2160 910 2202 offam
974 2161 1192 2201 vocabant
1244 2161 1460 2201 abscisum
1513 2159 1631 2213 globi
1693 2160 1846 2206 forma,

362 2240 409 2277 ut
440 2250 576 2277 manu
609 2238 897 2290 glomeratam
930 2237 1112 2290 pultem.
1437 2234 1456 2291 ΙΙ
1489 2236 1684 2277 Privatae
1716 2236 1847 2276 feriae

363 2315 574 2354 vocantur
618 2327 839 2354 sacrorum
881 2314 1137 2366 propiorum
1176 2319 1209 2362 ἐπ,
1244 2313 1363 2354 velut
1396 2312 1485 2354 dies
1527 2312 1709 2361 natales,
1745 2324 1846 2364 ope--

361 2390 541 2430 rationis
579 2396 612 2439 4,
648 2389 889 2431 denecales.
1073 2387 1091 2445 ΙΙ
1115 2389 1347 2431 Pronubae
1392 2389 1654 2429 adhibentur
1684 2387 1845 2442 nuptiS,

360 2479 467 2518 quae
560 2466 694 2507 semel
776 2468 1033 2519 nupserunt,
1118 2468 1165 2506 ut
1246 2465 1527 2506 matrimonia
1616 2467 1846 2518 pauperta-

362 2546 449 2582 tem
487 2548 505 2589 ’ξπ
542 2542 829 2596 auspicantes.
982 2539 1000 2596 ΙΙ
1033 2541 1268 2582 Pudicitiae
1324 2541 1497 2594 signum
1551 2542 1596 2581 in
1641 2540 1846 2582 foroubo-

364 2619 481 2659 vario
520 2625 536 2665 ὲ
575 2622 651 2669 est,
695 2619 766 2659 ubi
811 2618 1040 2660 familiana
1086 2618 1271 2660 aedisset
1308 2624 1325 2665 ἢ
1361 2617 1579 2658 Herculis.
1625 2631 1721 2658 eam
1754 2617 1845 2670 qui-

364 2694 464 2735 dam
526 2696 744 2736 Fortunae
808 2710 898 2736 esse
961 2696 1222 2736 existimant.
1389 2694 1500 2736 Item
1561 2694 1629 2734 w’a
1691 2693 1848 2733 Latina

363 2771 418 2811 ad
500 2771 752 2812 milliarium
835 2772 901 2812 illi
988 2782 1005 2814 ψ
1102 2771 1321 2812 Fortunae
1403 2770 1641 2819 Muliebris,
1724 2770 1846 2809 nefas
