<?xml version="1.0" encoding="UTF-8"?>
<!DOCTYPE html PUBLIC "-//W3C//DTD XHTML 1.0 Transitional//EN"
    "http://www.w3.org/TR/xhtml1/DTD/xhtml1-transitional.dtd">
<html xmlns="http://www.w3.org/1999/xhtml" xml:lang="en" lang="en">
 <head>
  <title>
</title>
<meta http-equiv="Content-Type" content="text/html;charset=utf-8" />
  <meta name='ocr-system' content='tesseract 3.04.00' />
  <meta name='ocr-capabilities' content='ocr_page ocr_carea ocr_par ocr_line ocrx_word'/>
</head>
<body>
  <div class='ocr_page' id='page_1' title='image "./deverborumsignif00festuoft_0467.png"; bbox 0 0 2072 3222; ppageno 0'>
   <div class='ocr_carea' id='block_1_1' title="bbox 248 180 1729 223">
    <p class='ocr_par' dir='ltr' id='par_1_1' title="bbox 248 180 1729 223">
     <span class='ocr_line' id='line_1_1' title="bbox 248 180 1729 223; baseline 0.001 -4"><span class='ocrx_word' id='word_1_1' title='bbox 248 193 297 219; x_wconf 80' lang='lat'>311</span> <span class='ocrx_word' id='word_1_2' title='bbox 804 196 928 223; x_wconf 64' lang='lat' dir='ltr'>PAULI</span> <span class='ocrx_word' id='word_1_3' title='bbox 951 195 1180 223; x_wconf 81' lang='lat' dir='ltr'>EXCERPTA.</span> <span class='ocrx_word' id='word_1_4' title='bbox 1645 180 1729 221; x_wconf 57' lang='lat'>449</span> 
     </span>
    </p>
   </div>
   <div class='ocr_carea' id='block_1_2' title="bbox 254 309 1604 746">
    <p class='ocr_par' dir='ltr' id='par_1_2' title="bbox 309 309 1602 505">
     <span class='ocr_line' id='line_1_2' title="bbox 310 309 1602 353; baseline -0.003 0"><span class='ocrx_word' id='word_1_5' title='bbox 310 313 390 353; x_wconf 89' lang='lat' dir='ltr'>sub</span> <span class='ocrx_word' id='word_1_6' title='bbox 413 325 550 352; x_wconf 78' lang='lat' dir='ltr'>manu</span> <span class='ocrx_word' id='word_1_7' title='bbox 586 324 755 351; x_wconf 84' lang='lat' dir='ltr'>sursum</span> <span class='ocrx_word' id='word_1_8' title='bbox 789 310 936 351; x_wconf 85' lang='lat' dir='ltr'>mittit.</span> <span class='ocrx_word' id='word_1_9' title='bbox 959 310 1179 351; x_wconf 76' lang='lat' dir='ltr'>Lucilius:</span> <span class='ocrx_word' id='word_1_10' title='bbox 1210 310 1288 352; x_wconf 88' lang='lat' dir='ltr'>«Ut</span> <span class='ocrx_word' id='word_1_11' title='bbox 1310 310 1425 351; x_wconf 85' lang='lat' dir='ltr'>veles</span> <span class='ocrx_word' id='word_1_12' title='bbox 1459 309 1602 350; x_wconf 88' lang='lat' dir='ltr'>bonus</span> 
     </span>
     <span class='ocr_line' id='line_1_3' title="bbox 309 385 1601 440; baseline -0.002 -12"><span class='ocrx_word' id='word_1_13' title='bbox 309 388 390 428; x_wconf 87' lang='lat' dir='ltr'>sub</span> <span class='ocrx_word' id='word_1_14' title='bbox 413 388 544 428; x_wconf 85' lang='lat' dir='ltr'>vitem</span> <span class='ocrx_word' id='word_1_15' title='bbox 567 387 641 440; x_wconf 91' lang='lat' dir='ltr'>qui</span> <span class='ocrx_word' id='word_1_16' title='bbox 663 386 896 433; x_wconf 80' lang='lat' dir='ltr'>submisit†</span> <span class='ocrx_word' id='word_1_17' title='bbox 913 386 1098 428; x_wconf 78' lang='lat' dir='ltr'>hastas.»</span> <span class='ocrx_word' id='word_1_18' title='bbox 1129 387 1255 428; x_wconf 87' lang='lat' dir='ltr'>Veles</span> <span class='ocrx_word' id='word_1_19' title='bbox 1293 389 1440 428; x_wconf 81' lang='lat' dir='ltr'>autem</span> <span class='ocrx_word' id='word_1_20' title='bbox 1462 385 1601 427; x_wconf 84' lang='lat' dir='ltr'>velitis</span> 
     </span>
     <span class='ocr_line' id='line_1_4' title="bbox 310 464 421 505; baseline 0.009 -1"><span class='ocrx_word' id='word_1_21' title='bbox 310 464 421 505; x_wconf 76' lang='lat' dir='ltr'>facit.</span> 
     </span>
    </p>

    <p class='ocr_par' dir='ltr' id='par_1_3' title="bbox 254 539 1604 746">
     <span class='ocr_line' id='line_1_5' title="bbox 254 539 1604 591; baseline -0.001 -10"><span class='ocrx_word' id='word_1_22' title='bbox 254 539 364 581; x_wconf 85' lang='lat' dir='ltr'>Sub</span> <span class='ocrx_word' id='word_1_23' title='bbox 407 540 581 581; x_wconf 79' lang='lat' dir='ltr'>Vitem</span> <span class='ocrx_word' id='word_1_24' title='bbox 627 539 875 591; x_wconf 77' lang='lat' dir='ltr'>proeliari</span> <span class='ocrx_word' id='word_1_25' title='bbox 927 539 1129 581; x_wconf 84' lang='lat' dir='ltr'>dicuntur</span> <span class='ocrx_word' id='word_1_26' title='bbox 1166 540 1338 589; x_wconf 86' lang='lat' dir='ltr'>milites,</span> <span class='ocrx_word' id='word_1_27' title='bbox 1377 553 1476 580; x_wconf 89' lang='lat' dir='ltr'>cum</span> <span class='ocrx_word' id='word_1_28' title='bbox 1524 539 1604 580; x_wconf 90' lang='lat' dir='ltr'>sub</span> 
     </span>
     <span class='ocr_line' id='line_1_6' title="bbox 309 615 1602 670; baseline -0.002 -12"><span class='ocrx_word' id='word_1_29' title='bbox 309 617 438 659; x_wconf 79' lang='lat' dir='ltr'>vinea</span> <span class='ocrx_word' id='word_1_30' title='bbox 464 617 643 658; x_wconf 77' lang='lat' dir='ltr'>militari</span> <span class='ocrx_word' id='word_1_31' title='bbox 676 620 887 670; x_wconf 76' lang='lat' dir='ltr'>pugnant.</span> <span class='ocrx_word' id='word_1_32' title='bbox 922 616 1140 658; x_wconf 73' lang='lat' dir='ltr'>Lucilius:</span> <span class='ocrx_word' id='word_1_33' title='bbox 1169 618 1341 670; x_wconf 82' lang='lat' dir='ltr'>«Neque</span> <span class='ocrx_word' id='word_1_34' title='bbox 1363 615 1535 670; x_wconf 84' lang='lat' dir='ltr'>prodire</span> <span class='ocrx_word' id='word_1_35' title='bbox 1557 617 1602 656; x_wconf 86' lang='lat' dir='ltr'>in</span> 
     </span>
     <span class='ocr_line' id='line_1_7' title="bbox 311 693 1101 746; baseline -0.001 -12"><span class='ocrx_word' id='word_1_36' title='bbox 311 694 463 742; x_wconf 82' lang='lat' dir='ltr'>altum,</span> <span class='ocrx_word' id='word_1_37' title='bbox 488 693 679 746; x_wconf 71' lang='lat' dir='ltr'>proeliari</span> <span class='ocrx_word' id='word_1_38' title='bbox 701 693 851 746; x_wconf 87' lang='lat' dir='ltr'>procul</span> <span class='ocrx_word' id='word_1_39' title='bbox 873 693 953 734; x_wconf 87' lang='lat' dir='ltr'>sub</span> <span class='ocrx_word' id='word_1_40' title='bbox 977 693 1101 734; x_wconf 80' lang='lat' dir='ltr'>vite.»</span> 
     </span>
    </p>
   </div>
   <div class='ocr_carea' id='block_1_3' title="bbox 255 846 1723 1205">
    <p class='ocr_par' dir='ltr' id='par_1_4' title="bbox 257 846 1603 976">
     <span class='ocr_line' id='line_1_8' title="bbox 257 846 1603 897; baseline -0.001 -9"><span class='ocrx_word' id='word_1_41' title='bbox 257 847 369 888; x_wconf 86' lang='lat' dir='ltr'>Sub</span> <span class='ocrx_word' id='word_1_42' title='bbox 397 847 623 888; x_wconf 76' lang='lat' dir='ltr'>Vineam</span> <span class='ocrx_word' id='word_1_43' title='bbox 645 847 830 888; x_wconf 73' lang='lat' dir='ltr'>iacere</span> <span class='ocrx_word' id='word_1_44' title='bbox 857 846 1062 888; x_wconf 69' lang='lat' dir='ltr'>&lt;licuntur</span> <span class='ocrx_word' id='word_1_45' title='bbox 1084 846 1259 897; x_wconf 86' lang='lat' dir='ltr'>milites,</span> <span class='ocrx_word' id='word_1_46' title='bbox 1295 860 1393 887; x_wconf 84' lang='lat' dir='ltr'>cum</span> <span class='ocrx_word' id='word_1_47' title='bbox 1428 848 1603 888; x_wconf 75' lang='lat' dir='ltr'>astanti-</span> 
     </span>
     <span class='ocr_line' id='line_1_9' title="bbox 312 923 1299 976; baseline -0.001 -12"><span class='ocrx_word' id='word_1_48' title='bbox 312 923 391 964; x_wconf 90' lang='lat' dir='ltr'>bus</span> <span class='ocrx_word' id='word_1_49' title='bbox 415 923 741 964; x_wconf 70' lang='lat' dir='ltr'>centurionibus</span> <span class='ocrx_word' id='word_1_50' title='bbox 763 923 900 964; x_wconf 73' lang='lat' dir='ltr'>iacere</span> <span class='ocrx_word' id='word_1_51' title='bbox 923 924 1137 976; x_wconf 84' lang='lat' dir='ltr'>coguntur</span> <span class='ocrx_word' id='word_1_52' title='bbox 1159 923 1299 963; x_wconf 87' lang='lat' dir='ltr'>sudes.</span> 
     </span>
    </p>

    <p class='ocr_par' dir='ltr' id='par_1_5' title="bbox 255 998 1723 1205">
     <span class='ocr_line' id='line_1_10' title="bbox 255 998 1605 1052; baseline -0.001 -13"><span class='ocrx_word' id='word_1_53' title='bbox 255 998 536 1051; x_wconf 78' lang='lat' dir='ltr'>Supparus</span> <span class='ocrx_word' id='word_1_54' title='bbox 584 999 893 1040; x_wconf 76' lang='lat' dir='ltr'>vestimentum</span> <span class='ocrx_word' id='word_1_55' title='bbox 945 999 1139 1052; x_wconf 75' lang='lat' dir='ltr'>puellare</span> <span class='ocrx_word' id='word_1_56' title='bbox 1182 999 1362 1048; x_wconf 83' lang='lat' dir='ltr'>lineum,</span> <span class='ocrx_word' id='word_1_57' title='bbox 1407 998 1522 1052; x_wconf 84' lang='lat' dir='ltr'>quod</span> <span class='ocrx_word' id='word_1_58' title='bbox 1565 1002 1605 1039; x_wconf 85' lang='lat' dir='ltr'>et</span> 
     </span>
     <span class='ocr_line' id='line_1_11' title="bbox 312 1074 1723 1125; baseline -0.001 -9"><span class='ocrx_word' id='word_1_59' title='bbox 312 1076 539 1123; x_wconf 74' lang='lat' dir='ltr'>subucula,</span> <span class='ocrx_word' id='word_1_60' title='bbox 563 1076 606 1116; x_wconf 84' lang='lat' dir='ltr'>id</span> <span class='ocrx_word' id='word_1_61' title='bbox 630 1078 693 1116; x_wconf 88' lang='lat' dir='ltr'>est</span> <span class='ocrx_word' id='word_1_62' title='bbox 727 1075 919 1125; x_wconf 79' lang='lat' dir='ltr'>camisia,</span> <span class='ocrx_word' id='word_1_63' title='bbox 955 1075 1122 1117; x_wconf 84' lang='lat' dir='ltr'>dicitur.</span> <span class='ocrx_word' id='word_1_64' title='bbox 1158 1076 1389 1116; x_wconf 79' lang='lat' dir='ltr'>Afranius:</span> <span class='ocrx_word' id='word_1_65' title='bbox 1429 1074 1605 1116; x_wconf 73' lang='lat' dir='ltr'>«Puella</span> <span class='ocrx_word' id='word_1_66' title='bbox 1688 1075 1723 1101; x_wconf 75' lang='lat'>1⁰</span> 
     </span>
     <span class='ocr_line' id='line_1_12' title="bbox 312 1151 1139 1205; baseline 0.001 -14"><span class='ocrx_word' id='word_1_67' title='bbox 312 1164 402 1192; x_wconf 87' lang='lat' dir='ltr'>non</span> <span class='ocrx_word' id='word_1_68' title='bbox 425 1165 536 1201; x_wconf 88' lang='lat' dir='ltr'>sum,</span> <span class='ocrx_word' id='word_1_69' title='bbox 559 1165 748 1205; x_wconf 82' lang='lat' dir='ltr'>supparo</span> <span class='ocrx_word' id='word_1_70' title='bbox 771 1152 806 1192; x_wconf 85' lang='lat' dir='ltr'>si</span> <span class='ocrx_word' id='word_1_71' title='bbox 827 1151 980 1193; x_wconf 76' lang='lat' dir='ltr'>induta</span> <span class='ocrx_word' id='word_1_72' title='bbox 1002 1165 1139 1192; x_wconf 82' lang='lat' dir='ltr'>sum.»</span> 
     </span>
    </p>
   </div>
   <div class='ocr_carea' id='block_1_4' title="bbox 261 1986 1610 2123">
    <p class='ocr_par' dir='ltr' id='par_1_6' title="bbox 261 1986 1610 2123">
     <span class='ocr_line' id='line_1_13' title="bbox 261 1986 1610 2046; baseline -0.001 -16"><span class='ocrx_word' id='word_1_73' title='bbox 261 1989 432 2042; x_wconf 77' lang='lat' dir='ltr'>Supat</span> <span class='ocrx_word' id='word_1_74' title='bbox 454 1990 567 2040; x_wconf 80' lang='lat' dir='ltr'>iacit,</span> <span class='ocrx_word' id='word_1_75' title='bbox 593 1990 708 2031; x_wconf 85' lang='lat' dir='ltr'>unde</span> <span class='ocrx_word' id='word_1_76' title='bbox 732 1987 917 2046; x_wconf 65' lang='lat' dir='ltr'>dissipat</span> <span class='ocrx_word' id='word_1_77' title='bbox 941 1989 1094 2039; x_wconf 76' lang='lat' dir='ltr'>disicit,</span> <span class='ocrx_word' id='word_1_78' title='bbox 1120 1991 1160 2030; x_wconf 89' lang='lat' dir='ltr'>et</span> <span class='ocrx_word' id='word_1_79' title='bbox 1182 1986 1376 2045; x_wconf 47' lang='lat' dir='ltr'>obsipat*</span> <span class='ocrx_word' id='word_1_80' title='bbox 1404 1988 1546 2037; x_wconf 83' lang='lat' dir='ltr'>obicit,</span> <span class='ocrx_word' id='word_1_81' title='bbox 1570 1992 1610 2029; x_wconf 83' lang='lat' dir='ltr'>et</span> 
     </span>
     <span class='ocr_line' id='line_1_14' title="bbox 322 2064 844 2123; baseline -0.004 -15"><span class='ocrx_word' id='word_1_82' title='bbox 322 2064 495 2123; x_wconf 66' lang='lat' dir='ltr'>insipat,</span> <span class='ocrx_word' id='word_1_83' title='bbox 520 2066 602 2107; x_wconf 89' lang='lat' dir='ltr'>hoc</span> <span class='ocrx_word' id='word_1_84' title='bbox 626 2068 689 2107; x_wconf 86' lang='lat' dir='ltr'>est</span> <span class='ocrx_word' id='word_1_85' title='bbox 709 2065 844 2106; x_wconf 88' lang='lat' dir='ltr'>inicit.</span> 
     </span>
    </p>
   </div>
   <div class='ocr_carea' id='block_1_5' title="bbox 263 2294 1710 2424">
    <p class='ocr_par' dir='ltr' id='par_1_7' title="bbox 263 2294 1710 2424">
     <span class='ocr_line' id='line_1_15' title="bbox 263 2294 1599 2337; baseline -0.001 -1"><span class='ocrx_word' id='word_1_86' title='bbox 263 2295 464 2337; x_wconf 78' lang='lat' dir='ltr'>Sutelae</span> <span class='ocrx_word' id='word_1_87' title='bbox 497 2296 652 2336; x_wconf 77' lang='lat' dir='ltr'>(lolosae</span> <span class='ocrx_word' id='word_1_88' title='bbox 676 2295 844 2337; x_wconf 77' lang='lat' dir='ltr'>astutiae</span> <span class='ocrx_word' id='word_1_89' title='bbox 866 2309 891 2336; x_wconf 76' lang='lat' dir='ltr'>a</span> <span class='ocrx_word' id='word_1_90' title='bbox 913 2294 1198 2336; x_wconf 85' lang='lat' dir='ltr'>similitudine</span> <span class='ocrx_word' id='word_1_91' title='bbox 1221 2295 1441 2335; x_wconf 84' lang='lat' dir='ltr'>suentium</span> <span class='ocrx_word' id='word_1_92' title='bbox 1465 2294 1599 2336; x_wconf 61' lang='lat' dir='ltr'>dictae.</span> 
     </span>
     <span class='ocr_line' id='line_1_16' title="bbox 263 2371 1710 2424; baseline -0.001 -12"><span class='ocrx_word' id='word_1_93' title='bbox 263 2372 559 2424; x_wconf 79' lang='lat' dir='ltr'>Suspectus</span> <span class='ocrx_word' id='word_1_94' title='bbox 592 2374 634 2412; x_wconf 86' lang='lat' dir='ltr'>et</span> <span class='ocrx_word' id='word_1_95' title='bbox 655 2384 680 2412; x_wconf 81' lang='lat' dir='ltr'>a</span> <span class='ocrx_word' id='word_1_96' title='bbox 702 2371 898 2424; x_wconf 79' lang='lat' dir='ltr'>suspicor</span> <span class='ocrx_word' id='word_1_97' title='bbox 920 2373 1036 2412; x_wconf 89' lang='lat' dir='ltr'>venit</span> <span class='ocrx_word' id='word_1_98' title='bbox 1058 2373 1100 2412; x_wconf 89' lang='lat' dir='ltr'>et</span> <span class='ocrx_word' id='word_1_99' title='bbox 1122 2384 1147 2411; x_wconf 82' lang='lat' dir='ltr'>a</span> <span class='ocrx_word' id='word_1_100' title='bbox 1169 2371 1370 2424; x_wconf 87' lang='lat' dir='ltr'>suspicio.</span> <span class='ocrx_word' id='word_1_101' title='bbox 1675 2382 1710 2406; x_wconf 78' lang='lat'>15</span> 
     </span>
    </p>
   </div>
   <div class='ocr_carea' id='block_1_6' title="bbox 335 2963 1529 2991">
    <p class='ocr_par' dir='ltr' id='par_1_8' title="bbox 335 2963 1529 2991">
     <span class='ocr_line' id='line_1_17' title="bbox 335 2963 1529 2991; baseline -0.008 -3"><span class='ocrx_word' id='word_1_102' title='bbox 335 2965 439 2988; x_wconf 71' lang='lat' dir='ltr'>Festus.</span> <span class='ocrx_word' id='word_1_103' title='bbox 1486 2963 1529 2991; x_wconf 55' lang='grc' dir='ltr'>ος,</span> 
     </span>
    </p>
   </div>
  </div>
 </body>
</html>
