2072 3222
142 1103 173 1135 92

209 194 320 220 *al—902
614 193 668 221 DE
691 193 1033 222 SIGNIFICATIONE
1050 194 1291 222 VERBORUM.
1636 181 1689 219 (ΞΓ)

215 310 574 352 Florifertum
610 309 785 357 dietum,
820 309 937 360 quod
961 322 1010 350 eo
1047 309 1113 350 die
1149 309 1276 362 spicae
1306 309 1505 350 feruntur
1537 309 1591 350 ad
1624 323 1685 350 sa—

274 383 473 423 orarium.

214 451 586 502 Frugamenta
608 464 632 491 a
654 449 850 503 frugibus
872 449 1105 503 appellata.

214 520 498 563 Frendere
523 523 587 562 est
608 520 828 572 frangere;
852 518 967 560 unde
992 523 1035 560 at
1053 517 1161 571 faba
1186 516 1324 567 fre-sm
1351 519 1465 560 unde
1489 522 1529 560 et
1551 519 1686 560 denti-

273 593 354 633 bus
378 591 561 632 dicimus
583 590 795 631 frendere.

213 663 590 714 Formuoapes
608 661 628 683 ἦε
666 661 851 714 forcipes
875 659 1010 709 diet-ff,
1047 660 1163 713 quod
1184 661 1324 701 forma
1349 663 1535 714 capiant,
1557 660 1600 701 id
1624 663 1686 701 est

272 733 494 774 ferventia.

212 804 455 854 Farrago
481 802 728 856 appellatur
750 801 805 848 id,
830 800 946 854 quod
969 814 1018 841 ex
1040 801 1240 854 pluribus
1263 803 1364 842 satis
1387 801 1538 854 pabuli
1560 814 1687 841 causa

273 874 397 915 datur
422 874 641 914 iumentis.

213 944 455 985 Fetiales
478 958 502 984 a
526 942 755 984 faciendo*
782 942 905 983 dicti:
941 942 1057 995 apud
1081 942 1160 982 hos
1195 944 1310 983 enim
1345 941 1450 982 belli
1484 941 1685 994 pacisque
1711 961 1742 985 ιω

271 1014 477 1056 faciendae
503 1016 569 1054 ius
592 1016 667 1055 est.

213 1084 495 1126 Feretrius
519 1085 715 1138 Iuppiter
736 1083 874 1125 dietus
898 1098 922 1124 a
944 1083 1135 1131 ferendo,
1168 1083 1282 1135 quod
1305 1096 1456 1136 pacem
1478 1083 1587 1123 ferre
1610 1095 1684 1135 pu-

271 1158 460 1203 taretur;
497 1169 544 1196 ex
579 1156 701 1195 euius
731 1155 895 1208 templo
930 1153 1162 1194 sumebant
1196 1159 1426 1206 sceptrum,
1462 1166 1538 1206 per
1570 1153 1683 1205 quod

271 1227 476 1275 iurarent,
500 1230 541 1267 et
564 1225 753 1279 lapidem
776 1225 956 1274 silicem,
985 1238 1069 1278 quo
1092 1224 1230 1265 foedus
1253 1224 1442 1265 ferirent.

212 1297 429 1346 Femur,
453 1296 644 1345 femoris,
669 1293 880 1350 etfhmen,
904 1296 1091 1336 feminis,
1199 1310 1205 1311 ff
1708 1314 1739 1337 15

211 1367 430 1409 Fenero
455 1370 496 1409 et
517 1367 740 1408 feneror
764 1367 847 1408 dici
868 1370 1022 1420 potest.

210 1438 373 1487 Frux,
398 1439 531 1491 frugis
555 1437 757 1478 dixerunt
777 1438 958 1490 antiqui.
985 1433 1027 1478 F
1025 1444 1184 1479 rui-tam
1211 1439 1251 1477 et
1272 1433 1470 1483 fructum.

209 1509 434 1551 Ferocit
457 1510 571 1563 apud
596 1508 805 1550 Catonem
828 1510 1026 1550 ferociter
1048 1510 1146 1561 agit.

210 1579 411 1621 Fivere
436 1580 537 1621 item
559 1593 637 1633 pro
660 1579 802 1632 figere.

209 1650 510 1691 Fruniseor
545 1652 586 1691 et
618 1649 884 1690 frunitum
919 1649 1023 1690 dixit
1057 1649 1185 1696 Cato3
1221 1662 1385 1701 nosque
1422 1661 1520 1688 eum
1543 1647 1682 1688 adhuc
1705 1667 1738 1690 20

269 1721 452 1762 dicimus
475 1718 755 1774 'infrunitum
779 1723 944 1761 certum
968 1722 1031 1761 est
1053 1722 1255 1772 antiquos
1279 1719 1433 1759 dixisse
1452 1716 1680 1771 frantiam.

209 1791 426 1833 Felices
460 1792 634 1833 arbores
658 1790 761 1832 Cato
796 1790 913 1838 dixit,
949 1804 1043 1843 quse
1066 1791 1254 1831 fructum
1286 1790 1442 1837 ferunt,
1479 1785 1680 1837 infelices,

268 1875 361 1915 quae
386 1875 476 1903 non
500 1863 656 1903 ferunt.

207 1932 422 1973 Falsius
457 1936 497 1974 et
535 1932 723 1973 falsior
761 1946 859 1973 cum
897 1932 1213 1973 rationabiliter
1251 1931 1333 1972 diei
1371 1933 1552 1985 possint,
1591 1943 1681 1971 non

266 2005 413 2044 tamen
437 2005 538 2043 sunt
562 2003 606 2043 in
629 2003 956 2043 consuetudine.
1702 2020 1735 2043 25

207 2072 417 2113 Furum
438 2075 664 2125 genetivus
686 2073 867 2126 pluralis
890 2087 913 2113 a
936 2073 1042 2114 fure.

209 2143 428 2192 Fueflis,
452 2144 584 2191 falsa;
612 2144 725 2184 dieta
749 2146 903 2185 autem
919 2144 1040 2197 quasi
1062 2144 1218 2184 fucata.

207 2214 383 2255 Feriae
411 2215 579 2255 ,states
624 2214 983 2267 appellabantur,
1029 2213 1142 2267 quod
1174 2215 1287 2254 certo
1326 2215 1571 2264 statutoque
1614 2211 1678 2251 die

265 2284 609 2326 observarentur.

205 2355 502 2395 Fluoniam
524 2354 802 2395 Iunonem
836 2355 1041 2395 mulieres
1066 2355 1279 2402 colebant,
1317 2352 1432 2405 quod
1465 2366 1559 2393 eam
1583 2366 1677 2393 san·
1701 2372 1735 2394 30

264 2425 406 2477 guinis
430 2425 609 2466 fluorem
633 2427 679 2466 in
702 2428 914 2478 conceptu
937 2427 1123 2466 retinere
1146 2425 1373 2478 putabant.

205 2495 493 2537 Flammeo
517 2496 777 2537 vestimento
802 2495 1019 2537 flaminica
1035 2497 1248 2543 uteba-tur,
1272 2495 1315 2536 id
1329 2497 1391 2536 est
1413 2494 1550 2535 Dialis
1573 2507 1679 2533 uxor

265 2569 306 2605 et
327 2566 442 2607 Iovis
466 2566 680 2616 sacerdos,
715 2568 781 2607 eui
804 2567 942 2607 telum
975 2567 1174 2607 fulminis
1210 2565 1362 2606 eodem
1397 2568 1485 2605 erat
1520 2564 1675 2604 colore.

204 2634 564 2687 Fulguritum,
598 2636 640 2677 id
667 2637 782 2689 quod
805 2639 867 2677 est
900 2637 1085 2676 fulmine
1109 2636 1253 2683 ictum,
1292 2634 1365 2687 qui
1387 2634 1508 2675 loeus
1532 2634 1675 2674 statim

264 2707 354 2747 fieri
376 2707 612 2759 putabatur
643 2707 887 2760 religiosus,
921 2707 1037 2759 quod
1061 2720 1159 2747 eum
1184 2706 1289 2747 (leus
1314 2705 1398 2746 sibi
1433 2704 1594 2745 dieasse
1618 2705 1675 2743 vi·
1698 2722 1733 2745 35

264 2777 446 2818 deretur.

204 2846 469 2887 Fanatiea
491 2847 647 2888 dieitur
669 2848 797 2888 arbor
818 2848 999 2888 fulmine
1024 2847 1118 2887 iota.

276 2941 385 2965 Festus.
