2072 3222
308 138 393 179 402>
456 150 514 180 or.
530 149 610 174 xm.
626 147 670 173 24.
743 150 864 177 FEsrr
880 149 1034 176 FRAGM.
1052 148 1077 175 E
1092 148 1184 176 oon.
1204 148 1327 176 ΜΒΝ.
1344 149 1382 177 L.
1396 148 1486 176 xm.
1636 148 1667 171 P.
1684 145 1738 171 0286
1752 147 1791 170 M.

310 964 345 989 10

310 1352 346 1376 15

310 1741 345 1766 20

312 2504 348 2528 30

379 266 521 307 refert.
594 265 729 307 Item:
814 264 986 306 «Unum
1061 278 1242 305 usurum
1320 278 1447 305 surus
1514 264 1655 311 ferre†
1731 267 1792 305 ta-

380 356 483 383 men
550 341 782 383 defendere
850 343 1036 395 possunt
1055 347 1115 388 †.»
1189 341 1278 382 suri
1344 344 1493 382 autem
1552 343 1654 381 sunt
1704 354 1792 381 rus-

379 421 442 459 tes
458 424 490 468 †,
586 421 627 459 et
707 418 1050 472 hypocoristicos
1143 418 1317 459 surculi.
1412 415 1598 472 ”Reque
1691 430 1794 470 apse

380 494 523 549 Scipio
588 496 831 544 Africanus,
897 494 1040 535 Paulli
1090 494 1219 543 filius,
1285 508 1382 534 cum
1444 507 1522 547 pro
1575 492 1663 534 aede
1717 492 1794 533 Ca-

379 573 508 613 storis
576 571 694 620 dixit,
765 571 845 612 hac
912 570 1212 624 conpositione
1280 583 1384 610 usus
1453 572 1539 610 est:
1613 569 1795 621 «quibus

380 648 431 689 de
494 648 745 689 hominibus
819 661 897 701 ego
960 661 1086 701 saepe,
1163 650 1292 700 atque
1365 647 1409 686 in
1478 646 1628 687 multis
1689 646 1795 686 locis

381 738 526 778 opera,
592 725 729 773 factis,
796 723 1007 772 consiliis,
1073 736 1204 776 reque
1270 736 1398 776 eapse
1452 728 1600 776 saepeJs
1663 722 1794 762 bene-

379 803 559 842 meritus
614 807 813 854 spem†»,
870 799 913 840 id
967 803 1031 841 est
1086 802 1126 840 et
1180 814 1224 840 re
1266 800 1374 852 ipsa.
1432 797 1592 854 ssBesp.
1636 798 1793 839 multa-

379 892 477 919 rum
536 879 756 919 civitatum
815 877 1044 931 pluraliter
1101 876 1207 917 dixit
1264 876 1307 918 C.
1359 875 1580 916 Gracchus
1633 875 1678 915 in
1733 888 1793 922 ea,

381 968 513 1008 quam
582 955 836 1008 conscripsit
903 953 954 994 de
1023 954 1113 1005 lege
1179 967 1233 1006 .p.
1288 952 1435 1000 Enni†
1503 954 1545 992 et
1608 950 1795 1005 peregri-

380 1034 462 1080 nis,
502 1045 598 1071 cum
638 1033 720 1072 ait:
767 1045 848 1072 «eae
887 1033 1100 1078 nationes,
1141 1043 1239 1070 cum
1278 1029 1373 1070 aliis
1411 1029 1553 1077 rebus,
1590 1041 1667 1081 per
1701 1041 1797 1069 ava-

379 1108 537 1156 ritiam,
611 1111 736 1161 atque
805 1107 1047 1155 stultitiam,
1120 1120 1188 1147 res
1255 1105 1452 1159 publicas
1519 1117 1620 1146 suas
1692 1104 1796 1145 ami-

379 1187 567 1225 serunt.»
640 1182 660 1238 ΙΙ
683 1184 839 1224 «Recto
909 1183 1051 1223 fronte
1119 1184 1283 1223 ceteros
1351 1183 1473 1234 sequi
1541 1183 1576 1220 si
1638 1180 1790 1221 norit.»

379 1261 483 1303 Cato
612 1261 657 1301 in
784 1259 1086 1301 dissertatione
1214 1258 1477 1299 consulatus.
1610 1258 1795 1310 antiquae

381 1337 425 1378 id
479 1336 807 1379 consuetudinis
860 1336 955 1385 fuit,
1022 1339 1070 1376 ut
1122 1349 1220 1376 cum
1284 1334 1344 1375 ait
1400 1334 1570 1375 Ennius
1624 1347 1797 1386 quoque

388 1429 433 1456 «a
490 1415 621 1467 stirpe
677 1425 918 1466 supremO.»
981 1415 1021 1453 et
1080 1411 1231 1453 «Iliadi
1285 1424 1488 1464 anepos»
1550 1413 1591 1451 et
1643 1411 1798 1463 «lupus

380 1494 503 1533 feta.»
562 1493 603 1532 et
661 1490 854 1530 «nullam
918 1492 959 1530 et
1010 1502 1100 1530 us.»
1171 1491 1302 1530 etiam
1365 1488 1410 1528 in
1473 1487 1798 1528 commentariis

381 1582 603 1609 sacrorum
676 1566 996 1621 pontificalium
1080 1566 1332 1619 frequenter
1415 1568 1477 1605 est
1548 1564 1618 1605 hic
1691 1564 1795 1613 ovis,

383 1649 423 1687 et
474 1645 566 1686 haeo
621 1658 772 1697 agnus,
827 1649 913 1689 aciL
972 1657 1142 1696 porcus.
1188 1657 1280 1696 quae
1323 1656 1414 1683 non
1457 1644 1504 1682 ut
1552 1641 1668 1690 vitia,
1722 1641 1796 1681 sed

379 1724 426 1763 ut
538 1723 765 1774 antiquam
890 1719 1253 1761 consuetudinem
1365 1718 1574 1760 testantia
1589 1753 1598 1768 ,
1725 1718 1793 1758 sle-

382 1800 534 1839 bemus
606 1798 813 1851 accipere.
911 1794 1117 1851 „Recipie
1205 1795 1321 1849 apud
1407 1795 1633 1844 Catonem,
1715 1808 1794 1847 pro

382 1875 604 1929 recipiam,
679 1878 726 1914 ut
798 1874 885 1915 alia
957 1872 1171 1914 eiusmodi
1243 1872 1482 1925 complura.
1547 1869 1793 1927 ”Redemp-

382 1952 561 1992 titavere
674 1952 792 2000 item,
903 1952 951 1990 ut
1063 1949 1348 1998 clamitavere,
1463 1947 1568 1989 Cato
1680 1946 1793 1988 idem

383 2028 428 2068 in
484 2041 547 2077 ea,
601 2041 687 2081 qua
751 2027 835 2080 egit
899 2026 949 2066 de
1015 2026 1147 2078 signis
1211 2028 1251 2066 et
1302 2025 1482 2066 tabulis:
1557 2025 1793 2065 «honorem

333 2119 347 2141 5
382 2107 727 2157 temptavei·e†»,
813 2105 886 2152 ait,
985 2103 1036 2143 «l.
1121 2102 1290 2148 efacta†
1385 2100 1624 2142 benefactis
1705 2113 1794 2141 non

383 2181 758 2234 redemptitavere.
771 2196 784 2215 ‚›
934 2177 952 2233 ΙΙ
966 2178 1197 2231 Repulsior
1327 2177 1517 2219 secunda
1647 2177 1792 2217 conla—

382 2259 501 2297 tione
554 2256 659 2297 dixit
712 2255 816 2297 Cato
870 2257 915 2296 in
969 2268 1032 2304 ea,
1087 2269 1178 2307 quae
1234 2257 1298 2295 est
1349 2257 1501 2295 contra
1543 2254 1792 2296 Cornelium

383 2333 500 2387 apud
561 2333 800 2387 populum:
886 2333 999 2373 «haec
1064 2334 1189 2384 quis†
1271 2331 1487 2379 incultior,
1540 2330 1793 2384 religiosior,

383 2410 604 2457 desertior,
720 2410 909 2463 publicis
1023 2410 1192 2461 negotis
1304 2408 1552 2461 repulsior.»
1672 2404 1690 2461 ΙΙ
1714 2407 1794 2447 Ra-

381 2487 549 2527 tissima
612 2500 782 2540 quoque
847 2487 902 2526 ab
967 2486 1065 2532 1115ηἰ
1129 2499 1222 2537 quae
1274 2488 1365 2526 rata
1430 2484 1627 2525 dicimus.
1681 2483 1793 2524 unde

385 2564 516 2603 etiam
559 2562 751 2603 rationes
796 2563 930 2603 dictae.
974 2562 1077 2603 Cato
1120 2561 1167 2601 in
1204 2576 1241 2614 q.
1286 2561 1343 2602 M.
1383 2560 1642 2601 Thermum:
1694 2559 1792 2599 «Er-

384 2652 437 2689 ga
536 2652 689 2691 rem-p.
804 2639 943 2678 multa
1044 2636 1242 2678 beneficii
1350 2636 1565 2677 ratissima
1666 2637 1793 2687 atque

383 2714 667 2767 gratissima.»
771 2712 789 2769 ΙΙ
812 2713 1003 2766 Regillis,
1101 2712 1256 2752 tunicis
1351 2711 1476 2760 albis,
1573 2713 1614 2751 et
1694 2710 1791 2751 reti-

385 2791 494 2831 culis
575 2790 700 2831 luteis
782 2791 975 2842 utrisque
1059 2789 1212 2837 re-ctis,
1284 2787 1411 2828 textis
1482 2800 1631 2829 susum
1703 2804 1791 2830 ver-
