2072 3222
285 125 374 166 444
425 138 482 168 QU.
498 138 574 163 ΧΠ.
590 137 634 164 15.
679 139 802 168 Fus'm
815 140 972 168 FRAGM.
987 141 1013 168 E
1028 140 1121 170 con.
1136 141 1259 171 FARN.
1276 142 1314 171 L.
1330 142 1448 171 xv111.
1608 143 1638 169 Ρ.

287 948 324 974 10

286 1336 322 1362 15

287 1713 325 1738 20

289 2101 325 2126 25

291 2489 327 2514 30

498 256 566 298 his
667 254 938 298 vocabantur
948 262 980 307 †,
1084 257 1153 297 vel
1256 258 1357 312 quia
1458 260 1631 300 rumine

498 332 682 374 trahunt
802 333 912 375 lacte
1034 336 1249 388 sugentes.
1417 332 1436 390 ΙΙ
1460 335 1630 377 Subulo

499 410 635 450 Tusce
745 408 904 451 tibicen
1010 409 1181 451 dicitur.
1288 412 1436 464 itaque
1542 411 1628 453 En-

501 485 598 527 nius
613 500 622 526 :
752 486 944 528 «Subulo
1079 488 1303 542 quondam
1437 488 1630 530 marinas

499 565 676 617 propter
777 562 1031 612 adstrabat³s
1136 564 1328 617 plagas.»
1445 562 1463 620 ΙΙ
1489 564 1630 606 Subu-

499 653 592 680 ram
704 639 881 681 Verrius
987 640 1073 683 alio
1176 640 1287 682 libro
1391 654 1416 682 a
1518 654 1630 695 pago

499 715 749 758 Succusano
824 716 986 758 dictam
1062 718 1145 758 ait:
1221 717 1302 759 hoc
1376 731 1478 760 vero
1541 732 1630 759 ma-

498 796 610 834 xime
743 793 900 847 probat
1031 808 1183 835 eorum
1315 795 1630 844 auctoritatem,

501 869 633 923 quia†
725 871 863 920 aiunt,
946 870 1007 912 ita
1091 871 1361 924 appellatam
1444 873 1485 912 et
1566 885 1631 912 re-

499 948 676 1000 gionem
758 947 900 989 verbis
919 953 935 994 †
1019 950 1059 988 et
1134 947 1297 988 tribum
1376 960 1400 987 a
1476 948 1631 989 stativo

498 1023 715 1076 praesidio,
820 1024 936 1077 quod
1044 1024 1224 1065 solitum
1315 1024 1371 1066 sit
1461 1038 1630 1065 succur-

499 1113 591 1141 rere
728 1100 905 1154 esquilis
919 1106 951 1150 †,
1089 1100 1397 1142 infestantibus
1534 1114 1632 1142 eam

500 1178 669 1230 partem
791 1177 909 1218 urbis
1031 1177 1210 1219 Gavinis
1228 1183 1259 1225 ψ,
1382 1176 1631 1230 indicioque

501 1266 608 1303 esse,
691 1253 807 1307 quod
888 1253 1030 1294 adhuc
1108 1267 1159 1294 ea
1235 1253 1374 1295 tribus
1448 1267 1523 1307 per
1596 1267 1630 1295 c.

501 1330 706 1380 litteram,
789 1343 877 1371 non
962 1330 1016 1379 b.,
1099 1331 1326 1371 scribatur.
1479 1327 1497 1385 ΙΙ
1521 1329 1629 1371 Sub-

500 1407 751 1448 verbustam
912 1406 1084 1447 veribus
1246 1409 1389 1448 ustam
1552 1407 1632 1459 sig-

500 1482 649 1524 nificat
754 1483 953 1536 plaustus
967 1489 983 1530 †
1092 1497 1191 1524 cum
1298 1484 1358 1524 ait
1372 1500 1380 1525 ε
1495 1500 1508 1520 «
1518 1483 1630 1525 uice-

500 1572 645 1600 rosam
659 1566 691 1610 †,
804 1559 1111 1613 conpenditam
1128 1565 1160 1609 †,
1283 1560 1629 1609 subverbustam,

502 1635 758 1677 sordidam.»
906 1634 924 1691 ΙΙ
949 1635 1129 1678 Suboles
1233 1637 1286 1677 ab
1389 1636 1630 1686 olescendo,

501 1713 545 1753 id
652 1716 716 1754 est
827 1712 1071 1763 crescendo,
1180 1715 1227 1754 ut
1334 1713 1631 1754 adolescentes

501 1803 682 1842 quoque,
766 1791 807 1830 et
887 1789 1060 1837 adultae,
1146 1792 1187 1830 et
1267 1789 1438 1830 indoles
1531 1789 1631 1829 dici-

501 1869 584 1907 tur.
677 1866 902 1907 Lucretius
1001 1867 1027 1906 l.
1091 1866 1140 1908 V.
1158 1884 1166 1908 :
1277 1868 1388 1907 «sive
1492 1866 1631 1907 virum

502 1943 688 1992 soboles,
792 1944 880 1984 sive
978 1946 1042 1983 est
1138 1942 1363 1984 muliebris
1466 1943 1626 1995 origo.»

502 2014 782 2067 Vergillus:†
862 2013 996 2056 «Cara
1070 2014 1199 2056 deum
1262 2014 1449 2063 suboles,
1514 2026 1630 2066 mag-

503 2104 610 2131 num
694 2091 807 2132 lovis
889 2091 1246 2132 incrementum.»
1394 2088 1414 2145 ΙΙ
1436 2089 1631 2132 Subucu-

502 2169 589 2209 lam
691 2167 842 2209 Aelius
944 2166 1068 2215 Stilo,
1162 2169 1204 2208 et
1292 2166 1486 2208 Cloatius
1577 2167 1631 2206 is·

503 2244 601 2286 dem
765 2245 852 2286 fere
1016 2244 1157 2285 verbis
1331 2243 1634 2284 demonstrant
1650 2278 1651 2281 ,

503 2324 659 2370 vocari,
779 2320 950 2375 quiddis
968 2327 985 2368 †
1101 2319 1225 2362 detur
1336 2334 1386 2361 ex
1507 2318 1632 2360 l¹alica

504 2400 544 2438 et
625 2398 722 2439 oleo
804 2399 846 2437 et
926 2397 1065 2438 melle.
1159 2410 1263 2437 nam
1346 2396 1397 2437 sle
1479 2395 1631 2436 tunica*

503 2487 657 2527 genere
720 2476 875 2514 notum
929 2476 991 2514 est
1054 2473 1271 2514 omnibus.
1366 2470 1384 2528 ΙΙ
1407 2472 1495 2514 Sub
1558 2485 1632 2513 vos

504 2551 643 2603 placo,
720 2551 766 2590 in
842 2550 1044 2603 precibus
1120 2550 1206 2591 fere
1284 2563 1382 2589 cum
1465 2548 1633 2597 dicitur,

504 2627 718 2679 significat
824 2626 882 2676 id,
994 2625 1108 2678 quod
1220 2625 1433 2678 supplicio
1448 2630 1478 2673 †‚
1586 2628 1633 2665 ut

505 2703 551 2743 in
642 2703 834 2756 legibus:
927 2706 1132 2755 transque
1226 2701 1339 2750 dato,
1431 2700 1632 2748 edendo†

506 2784 618 2831 quefs
710 2779 894 2833 plorato.
1069 2775 1088 2832 ΙΙ
1112 2776 1321 2818 Suffiscus
1413 2777 1634 2818 dicebatur

505 2855 724 2895 folliculus
940 2855 1116 2895 testium
1331 2853 1630 2901 arietinorum,

1660 141 1770 169 309M.
