2072 3222
342 155 425 194 218
489 166 546 195 Qr.
568 166 601 190 x.
623 166 649 190 s.
754 166 874 193 FEsTI
889 166 1046 193 FRAGM.
1063 166 1116 193 Ex
1130 164 1279 193 APOGR.
1294 166 1331 194 L.
1348 167 1432 194 XIV.
1657 165 1687 189 Ρ.
1711 163 1762 190 190
1781 165 1821 190 Μ.

341 980 375 1004 10

338 1370 372 1393 15

340 1764 375 1788 2⁴]

340 2140 376 2164 25

344 2515 359 2540 3
364 2517 378 2537 ss

412 357 430 414 ΙΙ
466 358 530 399 Ob
593 371 670 398 vos
723 370 857 407 sacro,
900 359 946 398 in
1000 356 1263 410 quibusdam
1315 357 1641 410 precationibus
1685 361 1761 407 est,

410 448 488 488 pro
535 447 610 475 vos
655 434 848 481 obsecro,
893 436 942 475 ut
986 432 1066 474 sub
1118 447 1191 475 vos
1235 433 1374 486 placo,
1422 447 1501 487 pro
1549 435 1763 488 supplico.

411 508 430 566 ΙΙ
466 509 717 564 Opportune
792 510 947 551 dicitur
1009 511 1063 551 ab
1128 523 1203 558 eo,
1267 510 1383 564 quod
1457 511 1763 564 navigantibus

407 587 594 628 maxime
657 586 788 628 utiles
850 587 1073 640 optatique
1137 589 1240 628 sunt
1314 589 1478 640 portus.
1557 584 1575 641 ΙΙ
1600 587 1761 628 Obher-

410 664 595 714 bescere,
626 663 807 704 herbam
840 663 1091 704 increscere.

411 738 429 795 ΙΙ
454 738 670 789 Oboritur,
719 740 914 780 nascitur
935 746 964 780 4.
1024 753 1128 780 nam
1174 740 1531 793 praepositionem
1577 741 1645 790 ob,
1685 754 1762 794 pro

411 816 491 867 ad,
554 817 727 858 solitam
790 814 923 870 poni,
985 817 1103 858 testis
1166 816 1234 857 hic
1296 830 1465 858 versus:
1551 817 1763 858 «Tantum

410 892 620 946 gaudium
685 892 845 934 oboriri
909 907 957 933 ex
1019 892 1213 933 tumultu
1276 894 1504 934 maximo.»
1574 896 1614 934 et
1675 893 1762 934 En-

410 971 532 1010 nius:
589 969 675 1011 «Ob
719 971 906 1011 Romam
954 974 1085 1011 noctu
1134 969 1328 1023 legiones
1377 969 1530 1010 (lucere
1593 970 1756 1024 coepit.»

410 1044 430 1101 ΙΙ
467 1045 720 1095 Obnectere,
795 1046 1001 1098 obligare,
1075 1047 1262 1087 maxime
1336 1046 1381 1086 in
1455 1046 1619 1100 nuptiis
1681 1047 1762 1088 fre-

411 1136 547 1176 quens
582 1126 656 1164 est.
722 1120 740 1178 ΙΙ
765 1122 1024 1164 observasse
1059 1122 1236 1171 dicitur,
1283 1123 1357 1176 qui
1402 1123 1614 1171 observat,
1661 1122 1764 1176 quid

411 1202 621 1253 cuiusque
671 1213 801 1241 causa
847 1201 987 1240 facere
1037 1199 1175 1241 debet.
1239 1199 1391 1253 Itaque
1454 1199 1518 1239 bis
1543 1209 1560 1233 ψ
1617 1199 1762 1240 obser·

410 1282 496 1326 vat,
560 1277 745 1318 coluisse
821 1277 1013 1330 aliquem
1089 1275 1256 1317 dicitur.
1404 1273 1423 1330 ΙΙ
1458 1276 1762 1325 Ommentans,

409 1353 559 1395 Livius
592 1355 636 1393 in
671 1352 877 1407 Odyssea,
904 1367 1036 1407 quom
1071 1354 1152 1395 ait:
1198 1353 1271 1394 «In
1306 1353 1462 1406 Pylum
1498 1353 1699 1394 devenies
1727 1359 1763 1402 †,

410 1433 484 1471 aut
526 1429 587 1470 ibi
640 1432 964 1479 ommentans»,
1009 1431 1224 1483 significat
1277 1430 1533 1478 obmanens,
1587 1428 1661 1470 sed
1714 1441 1764 1470 ea

410 1506 738 1559 significatione,
805 1520 889 1559 qua
960 1520 1072 1560 saepe
1136 1507 1227 1546 fieri
1291 1506 1461 1555 dicitur,
1538 1505 1581 1545 id
1644 1505 1761 1546 enim

410 1585 473 1624 est
535 1585 746 1624 mantare.
897 1581 915 1638 ΙΙ
952 1582 1039 1636 Ops
1103 1583 1275 1636 antiqui
1349 1582 1564 1632 dicebant,
1634 1596 1763 1635 quem

410 1673 527 1700 nunc
573 1659 846 1713 opulentum,
892 1662 940 1700 ut
982 1660 1232 1701 testimonio
1280 1663 1356 1709 est,
1401 1672 1493 1700 non
1539 1659 1681 1700 solum
1727 1659 1765 1700 ei

411 1736 677 1777 contrarium
738 1737 864 1790 inops
959 1770 966 1776 .
1033 1770 1040 1776 .
1107 1769 1114 1777 .
1181 1770 1188 1777 .
1255 1770 1262 1776 .
1329 1770 1336 1777 .
1403 1770 1410 1776 .
1505 1735 1700 1777 concedit
1733 1741 1763 1782 †.

412 1826 488 1865 ego
552 1826 684 1864 egens
748 1815 920 1854 exortus
947 1823 964 1842 4
1030 1826 1165 1853 sum.»
1418 1810 1437 1868 ΙΙ
1471 1811 1767 1853 Obsidionalis

412 1902 573 1930 corona
635 1891 710 1938 est,
776 1903 870 1943 qua>
926 1889 1053 1930 datur
1133 1889 1384 1943 imperatori
1440 1889 1493 1939 ei,
1556 1889 1627 1942 qui
1691 1889 1765 1930 ob-

412 1965 579 2007 sidione
632 1966 833 2007 liberavit
880 1966 933 2006 ab
982 1966 1184 2007 hostibus
1240 1966 1454 2007 obsessos.
1508 1979 1558 2006 ea
1610 1965 1658 2005 fit
1717 1979 1767 2006 ex

412 2041 606 2094 gramine
651 2041 776 2082 viridi
818 2042 905 2083 sere
953 2056 1001 2083 ex
1035 2056 1085 2083 eo
1132 2042 1228 2083 loco
1263 2041 1481 2095 decerpto,
1526 2042 1572 2082 in
1606 2054 1691 2094 quo
1725 2054 1764 2081 e—

413 2121 513 2159 rant
584 2118 753 2159 inclusi.
829 2118 1009 2159 herbam
1085 2121 1232 2160 autem
1308 2118 1495 2159 victoriae
1586 2118 1764 2171 signum

413 2195 543 2236 fuisse
606 2195 723 2249 apud
785 2195 987 2248 antiquos
1062 2195 1137 2236 alii
1211 2195 1364 2249 quod†
1413 2194 1620 2248 exemplis
1695 2193 1765 2235 do-

414 2271 597 2312 cuimus.
769 2272 871 2322 Quae
975 2285 1132 2312 corona
1215 2284 1385 2325 magnae
1498 2272 1767 2312 auctoritatis

414 2348 508 2389 fuit.
562 2361 666 2389 nam
720 2351 762 2389 et
828 2348 872 2389 P,
942 2348 1072 2390 Decio
1137 2348 1248 2389 datae
1315 2348 1410 2389 duae
1473 2351 1597 2397 sunt;
1662 2361 1766 2397 una,

415 2424 468 2465 ab
523 2424 707 2465 exercitu
750 2424 955 2465 universo
972 2440 980 2473 3
1036 2425 1188 2474 altera,
1242 2424 1296 2465 ab
1345 2423 1411 2464 his
1473 2426 1546 2477 qui
1592 2424 1768 2464 fuerunt

415 2500 460 2540 in
492 2499 693 2553 praesidio
728 2500 918 2550 obsessi;
955 2502 996 2541 et
1026 2501 1073 2541 L.
1109 2501 1255 2554 Sergio
1284 2507 1301 2548 †
1357 2501 1561 2550 Dentato,
1601 2502 1675 2554 qui
1712 2501 1765 2540 A-

416 2576 564 2618 chilles
611 2577 802 2623 Romae³s
868 2578 1137 2618 existimatus
1187 2580 1250 2618 est
1263 2593 1273 2626 ;
1323 2590 1369 2617 ac
1425 2577 1559 2618 fertur
1606 2576 1768 2617 centies

417 2656 457 2694 et
509 2653 636 2694 vicies
688 2668 765 2707 pro
823 2667 912 2707 rep,
978 2653 1269 2707 depugnasse,
1331 2653 1502 2694 coronis
1579 2652 1768 2693 donatus

416 2729 579 2779 XXVI„
632 2730 677 2770 in
729 2730 796 2771 his
845 2729 987 2770 aureis
1040 2729 1154 2771 VIII.
1205 2729 1350 2770 civicis
1403 2728 1540 2769 XHH.
1590 2727 1767 2769 murali-
