2072 3222
308 132 394 172 496
457 143 515 173 (ω.
530 142 591 167 xv,
611 140 638 166 7.
715 142 838 170 FESTI
852 142 1009 170 FRAGM.
1024 142 1050 168 E
1067 142 1159 170 COD.
1174 142 1298 170 FARN.
1313 143 1353 169 L.
1369 143 1505 170 xvnn.
1630 143 1660 168 P.
1683 141 1736 167 334
1754 143 1797 168 m.

1079 261 1176 300 ento
1299 261 1605 312 supervectast,
1695 272 1794 313 pro·

1047 332 1205 375 domus
1286 337 1491 387 paternae.
1625 333 1643 391 ΙΙ
1658 334 1799 376 Seele-

1175 411 1330 451 ellatur
1411 424 1435 452 a
1519 411 1794 464 quibusdam,

899 485 1055 527 dieitur
1109 487 1223 540 quod
1285 488 1323 527 ei
1385 487 1632 541 proximum
1695 487 1795 529 Car—

968 596 977 604 .
1040 565 1135 604 rata
1188 566 1349 611 autem,
1402 564 1516 617 quod
1568 578 1645 617 per
1698 577 1796 605 eam

1139 652 1208 681 tom
1292 640 1517 681 clientium
1599 640 1796 681 millibus

1157 719 1339 765 truscos,
1453 717 1506 758 ad
1619 730 1795 758 amnem

1062 792 1174 833 fecti.
1319 807 1403 846 qua
1545 807 1593 834 ex
1695 806 1794 834 cau-

1047 901 1055 909 .
1121 899 1130 908 .
1372 882 1481 919 rare,
1594 868 1795 922 egredive

308 963 387 987 10.
452 978 460 985 .
526 978 534 985 .
601 978 609 985 .
675 978 683 985 .
749 978 757 985 .
823 977 832 985 .
898 978 905 985 .
972 978 979 985 .
1097 943 1114 1000 ΙΙ
1145 941 1331 987 Schedia,
1413 959 1550 998 genus
1633 945 1795 997 navigii

1271 1035 1314 1062 se
1427 1023 1599 1063 conexis
1710 1022 1795 1063 fae-

1142 1099 1287 1139 t'erunt
1387 1101 1485 1152 post
1586 1098 1796 1140 amissam

1142 1189 1192 1215 us
1306 1189 1479 1228 quoque
1591 1178 1795 1229 poemata

1054 1252 1086 1292 is
1169 1252 1401 1305 perfeetis†
1483 1252 1555 1305 qui
1637 1255 1794 1300 essent,

309 1352 387 1376 15.
455 1361 463 1368 .
530 1359 538 1367 .
605 1361 612 1368 .
678 1360 687 1368 .
752 1359 760 1367 .
826 1360 835 1369 .
900 1359 908 1368 .
974 1360 983 1369 .
1061 1328 1311 1369 cumdixit:
1356 1328 1464 1379 «Qui
1486 1327 1709 1369 schedium
1732 1328 1793 1368 fa-

1194 1420 1227 1445 .»
1440 1403 1457 1460 ΙΙ
1483 1405 1793 1457 Sexagenarios

1190 1482 1313 1522 euius
1394 1495 1571 1522 eausam
1653 1481 1791 1522 Mani-

1347 1558 1420 1611 qui
1530 1558 1794 1598 incoluerint

1193 1668 1200 1675 .
1246 1635 1484 1682 hominem,
1568 1635 1794 1687 sexaginta

308 1730 389 1754 zm.
456 1741 464 1749 .
532 1743 539 1750 .
606 1742 615 1751 .
680 1743 688 1750 .
754 1742 763 1750 .
829 1744 837 1751 .
903 1743 911 1751 .
977 1743 984 1749 .
1051 1741 1059 1749 .
1127 1744 1133 1751 .
1241 1711 1384 1758 editi†
1464 1711 1580 1751 Patri
1663 1712 1784 1763 quot-

1206 1787 1323 1841 quod
1375 1789 1514 1828 faeere
1581 1800 1653 1828 eos
1717 1785 1786 1827 de-

1202 1863 1325 1904 eulis.
1437 1864 1510 1904 sed
1621 1863 1790 1915 religio-

1208 1942 1373 1994 eirpeas
1437 1940 1666 1981 hominum
1731 1938 1790 1979 ef-

1349 2016 1480 2058 modo
1623 2016 1790 2056 mittere

308 2119 386 2142 25.
452 2125 460 2132 .
527 2123 534 2131 .
599 2125 607 2133 .
673 2124 681 2133 .
746 2123 754 2132 .
820 2124 828 2133 .
894 2124 902 2132 .
968 2127 975 2133 .
1042 2126 1050 2134 .
1117 2125 1125 2134 .
1202 2097 1232 2143 t7
1295 2096 1495 2134 morante
1558 2093 1603 2133 in
1667 2091 1791 2133 Italia

1131 2170 1198 2211 ius
1281 2171 1487 2211 comitum
1570 2168 1790 2210 habitave-

1042 2261 1112 2288 am
1180 2247 1383 2296 habai-M,
1447 2250 1575 2300 atque
1660 2246 1789 2297 Arga-

1068 2324 1210 2364 verint
1262 2326 1395 2373 arvi†,
1451 2336 1638 2377 quorum
1689 2335 1790 2375 pro·

1072 2413 1143 2441 am
1224 2399 1507 2451 redintegrari
1589 2412 1638 2439 eo
1720 2410 1790 2449 ge·

308 2493 387 2517 311.
452 2508 460 2515 .
526 2507 534 2516 .
599 2508 607 2516 .
673 2508 680 2515 .
747 2509 754 2516 .
820 2508 828 2515 .
893 2510 901 2517 .
967 2508 976 2517 .
1041 2490 1066 2516 a
1117 2477 1308 2529 legatum
1381 2475 1604 2528 quondam
1656 2474 1789 2526 Arga-

912 2550 947 2593 is
989 2553 1138 2594 Romae
1181 2555 1399 2593 moratum
1443 2565 1548 2592 esse.
1603 2550 1700 2598 his†
1743 2550 1791 2590 ut

929 2634 955 2678 t,
1008 2629 1255 2671 institutum
1303 2642 1328 2669 a
1379 2627 1689 2676 sacerdotibus,
1742 2628 1789 2666 ut.

919 2705 1060 2758 cirpea
1081 2719 1129 2746 ex
1153 2705 1368 2754 omnibus,
1393 2716 1579 2756 eumque
1602 2702 1787 2756 publicae

934 2780 1173 2830 ntiavisset,
1225 2793 1301 2834 per
1353 2779 1517 2821 flumen
1570 2793 1617 2820 ae
1669 2791 1788 2818 mare
