2072 3222
320 144 398 183 140
459 156 516 186 or.
532 156 581 180 [x.
605 155 628 180 1.
729 157 850 184 FESTI
863 157 1018 185 FRAGM.
1034 159 1059 185 E
1074 158 1167 186 coi).
1182 158 1304 186 FARN.
1320 159 1358 187 L.
1374 159 1465 186 xm.
1628 160 1657 183 Ρ.
1682 158 1732 183 153
1754 160 1790 184 M.

382 275 553 313 mutum
596 271 804 312 dicimus:
849 274 923 313 aut
965 273 1081 325 quod
1122 273 1285 314 nullius
1318 274 1424 315 fiant
1466 275 1594 324 vocis,
1634 289 1730 316 cum

380 349 426 387 in
449 361 520 388 eas
553 348 714 388 litteras
735 348 943 389 incidant.
1231 347 1249 404 ΙΙ
1273 349 1577 404 Metaphoram
1602 365 1732 404 quam

381 423 537 465 Graeci
589 428 758 474 vocant,
806 437 887 465 nos
933 425 1222 478 tralationem,
1255 426 1298 467 id
1351 429 1428 476 est,
1471 427 1600 469 domo
1638 441 1732 468 mu-

380 503 551 541 tuatum
571 501 773 542 verbum:
800 514 885 554 quo
908 502 1082 551 utimur,
1105 503 1248 556 inquit
1270 504 1445 544 Verrius
1501 536 1509 544 .

379 591 448 626 ne,
473 578 648 630 saepius
672 576 846 630 quidem
870 577 1041 619 honesti
1064 592 1110 620 ac
1194 613 1202 620 .
1268 613 1276 620 .
1342 614 1350 621 .
1416 614 1423 620 .
1490 614 1497 621 .
1563 614 1570 621 .
1656 595 1733 622 nas

379 658 428 695 ut
479 656 742 707 speciosiora
774 660 803 704 †,
849 657 970 712 atque
1053 690 1061 696 .
1127 689 1134 696 .
1201 689 1208 696 .
1274 690 1282 696 .
1367 655 1592 709 significan
1649 691 1657 698 .

380 744 512 783 quam
535 730 710 783 proprio
725 744 777 771 vo
835 764 843 771 .
909 765 915 771 .
982 765 989 771 .,
1024 745 1113 773 rem
1140 731 1383 772 indicemus
1428 766 1435 773 .

377 807 487 847 redit
523 806 576 848 ad
606 820 683 849 sua
751 841 758 848 ,
825 842 831 848 .
898 842 905 847 .
972 842 978 848 .
1046 842 1053 848 .
1120 842 1126 849 .
1193 842 1200 849 .
1247 811 1263 849 t
1304 810 1521 858 tralatum,
1548 807 1732 852 manabit

380 898 464 937 quo
488 884 683 937 pervenit
750 918 757 924 .
824 917 831 923 ,
898 918 904 923 ‚
971 918 977 924 ,
1044 918 1051 924 0
1118 918 1124 924 .
1191 918 1198 925 .
1264 919 1272 925 .
1309 899 1354 926 as
1377 886 1518 927 alieno
1551 887 1730 939 perinde

308 970 343 993 10
378 975 425 1002 ac
443 974 520 1002 suo
539 961 591 1002 ab
672 994 679 1001 .
745 995 752 1001 .
819 995 826 1001 ,
1197 959 1215 1016 ΙΙ
1239 963 1561 1016 Metaplastioos
1580 963 1732 1004 dicitur

379 1038 493 1092 apud
526 1053 553 1091 p
668 1072 675 1078 ,
742 1072 749 1078 .
816 1072 823 1078 .
890 1072 896 1079 .
963 1073 970 1079 .
1065 1039 1180 1092 quod
1213 1041 1390 1092 propter
1428 1041 1730 1081 necessitatem

378 1115 504 1155 metri
590 1148 596 1154 .
664 1148 670 1155 .
737 1149 744 1155 .
811 1148 818 1155 .
884 1148 891 1155 .
958 1149 964 1155 .,
1032 1149 1038 1155 „
1107 1148 1114 1155 .
1239 1116 1355 1168 quod
1417 1115 1570 1163 idem†
1633 1117 1727 1156 bar—

378 1191 491 1232 baris
589 1225 596 1231 ,
662 1226 669 1232 0
736 1226 743 1232 .
810 1226 817 1232 .
884 1226 890 1232 ,
958 1225 964 1231 ,
1032 1226 1037 1232 2
1106 1226 1111 1232 ‚
1179 1226 1185 1233 .
1250 1196 1292 1234 ta
1375 1196 1569 1234 oratione
1636 1208 1728 1236 con·

377 1268 487 1309 scrib

304 1360 337 1383 15
374 1342 391 1399 ΙΙ
415 1344 531 1386 Meta
612 1377 620 1384 .
686 1378 694 1386 .
759 1378 766 1385 .
834 1378 841 1385 .
920 1378 927 1385 .
1004 1381 1009 1386 .
1096 1379 1102 1383 .
1167 1359 1215 1386 ca
1238 1360 1262 1386 a
1285 1348 1447 1386 cariore

1135 1425 1396 1475 perventura

376 1499 490 1551 quod
554 1532 562 1539 .
630 1532 636 1538 .
702 1532 708 1539 .
796 1531 802 1537 .
889 1534 894 1538 .
974 1533 980 1540 .
1062 1532 1068 1538 .
1147 1498 1285 1540 dicare
1309 1500 1367 1540 ait
1389 1498 1560 1540 Ennius

375 1575 418 1615 id
437 1578 499 1616 est
536 1608 542 1614 .
611 1608 618 1615 .
684 1608 691 1615 .
778 1608 784 1614 .
872 1608 878 1615 .
946 1609 951 1614 .
1018 1609 1026 1615 .
1093 1609 1099 1615 .
1185 1610 1192 1616 .
1258 1610 1265 1617 .
1333 1610 1341 1617 .
1417 1609 1425 1616 .
1500 1608 1508 1616 .
1615 1578 1729 1618 Meta

784 1652 890 1693 abus
909 1656 955 1692 ut
1019 1685 1026 1692 .
1113 1685 1120 1692 .
1204 1656 1321 1706 accip

302 1739 339 1762 20
373 1732 509 1778 gratia
543 1729 578 1769 si
613 1742 716 1769 nece
816 1762 821 1768 .
920 1763 927 1769 .
1012 1763 1019 1769 .
1099 1762 1106 1769 .
1203 1764 1210 1770 .
1308 1762 1315 1769 .
1401 1763 1409 1770 .
1505 1764 1511 1770 .
1580 1732 1728 1771 cernat

375 1806 643 1846 necessitate.
913 1803 931 1860 ΙΙ
956 1804 1223 1858 Metonymia
1261 1808 1324 1846 est
1357 1807 1520 1858 tropos,
1555 1820 1653 1846 cum
1677 1807 1728 1846 ab

375 1895 424 1921 eo
475 1882 590 1934 quod
640 1882 847 1930 continet,
881 1881 1151 1934 significatur
1194 1881 1249 1932 id,
1300 1881 1415 1935 quod
1467 1883 1727 1931 continetur,

375 1962 447 1998 aut
540 1959 796 2011 superiore†
899 1958 1132 2007 inferiore,
1195 1961 1235 1999 et
1315 1959 1493 1999 inferior
1603 1972 1724 2012 supe-

372 2036 497 2075 riore.
533 2038 651 2086 Quae
697 2037 900 2084 continet,
948 2036 1062 2088 quod
1121 2036 1390 2078 continetur:
1445 2040 1491 2076 ut
1542 2034 1725 2083 Ennius,

302 2128 337 2152 25
374 2125 472 2152 cum
540 2112 623 2152 ait:
676 2112 843 2152 «Africa
886 2112 1066 2152 terribili
1112 2113 1260 2153 tremis
1315 2118 1330 2159 †
1384 2111 1559 2152 horrida
1611 2114 1726 2152 terra

375 2189 603 2228 tumultu.»
645 2189 698 2228 ab
743 2203 790 2229 eo
825 2187 938 2241 quod
977 2189 1224 2229 continetur
1255 2188 1299 2228 id
1347 2188 1461 2240 quod
1507 2189 1722 2235 continet;

376 2266 421 2303 ut
456 2277 555 2304 cum
589 2264 766 2304 dicitur:
809 2267 960 2317 «epota
992 2264 1204 2317 amphora
1253 2264 1377 2305 vini.»
1428 2278 1451 2304 a
1505 2264 1725 2316 superiore

374 2354 418 2379 re
448 2350 463 2372 4
502 2340 708 2389 inferior,
776 2343 823 2381 ut
874 2341 1068 2380 Ennius:
1145 2340 1277 2381 «Cum
1331 2353 1490 2391 magno
1544 2340 1723 2393 strepitu

376 2416 616 2457 Volcanum
680 2419 834 2457 ventus
896 2419 1066 2468 vegerat
1083 2424 1137 2463 †.»
1207 2417 1259 2456 ab
1335 2417 1538 2457 inferiore
1600 2430 1724 2469 supeu

301 2506 337 2530 30
372 2494 483 2540 rior,
530 2496 599 2532 ut:
652 2495 888 2546 «persuasit
932 2496 1078 2534 animo
1114 2494 1289 2541 vinum,
1325 2493 1430 2533 (leus
1463 2495 1536 2545 qui
1584 2493 1722 2532 multo

375 2573 439 2609 est
463 2570 688 2610 maximus.
989 2567 1007 2624 Η
1033 2569 1278 2610 Masculina
1302 2572 1343 2609 et
1365 2569 1576 2610 feminina
1599 2582 1720 2609 voca-

374 2645 476 2686 bula
492 2646 573 2685 dici
602 2646 758 2686 melius
783 2652 845 2687 est
868 2646 1107 2687 secundum
1131 2645 1397 2687 Graecorum
1422 2658 1596 2698 quoque
1620 2658 1719 2685 con—

372 2722 675 2769 suetudinem,
755 2724 827 2776 qui
902 2736 989 2763 non
1067 2721 1235 2775 ἀνδρικὴ.
1295 2726 1335 2762 et
1388 2727 1593 2773 γυναικεῖα
1658 2734 1720 2770 ea,
