2072 3222
296 936 330 960 10

295 1644 331 1668 20

296 2352 331 2375 30

297 2702 329 2725 35

356 157 411 196 74
674 168 799 196 PAULI
821 169 1037 197 EXCERPTA
1059 168 1114 197 Ex
1135 170 1219 198 ΜΒ.
1242 171 1366 199 POMP.
1390 170 1512 199 FESTI
1696 170 1835 198 104-105

355 285 494 326 Iusti
517 284 634 326 dies
648 285 899 326 dicebantur
912 286 1102 339 triginta,
1117 300 1216 328 cum
1235 287 1440 328 exercitus
1464 291 1574 330 esset
1596 290 1834 341 imperatus

415 358 455 396 et
477 355 685 396 vexillum
707 357 753 396 in
775 369 871 396 arce
893 356 1100 409 positum.

355 425 518 476 Iuges
541 425 783 479 auspicium
806 428 882 475 est,
918 440 1016 467 cum
1039 427 1235 468 iunctum
1258 427 1502 469 iumentum
1535 430 1697 469 stercus
1719 429 1831 471 fecit.
1857 445 1906 478 104

355 495 525 536 Iubar
547 496 687 544 stella,
723 509 854 548 quam
889 495 1027 537 Graeei
1062 501 1275 553 ’.ρωςφόρον
1311 498 1537 551 appellant
1558 499 1626 540 vel
1651 498 1832 553 ἕσπερον,

414 567 496 608 hoc
519 569 582 607 est
604 566 768 616 lucifer,
805 567 920 620 quod
943 567 1152 621 splendor
1186 569 1277 609 eius
1300 568 1556 610 diffunditur
1578 570 1623 610 in
1654 569 1833 611 modum

414 637 523 678 iubae
552 637 703 678 leonis.

355 707 549 759 Iugula
582 708 707 749 stella
742 707 890 756 Orion,
925 707 1041 761 quod
1077 709 1265 762 amplior
1302 710 1356 751 sit
1389 710 1554 760 ceteris,
1592 711 1713 764 quasi
1747 724 1835 751 nux

414 778 643 831 iuglandis.

355 849 552 900 Iugum
575 849 654 889 sub
692 862 775 901 quo
800 850 900 890 victi
935 849 1217 898 transiebant,
1253 849 1335 890 hoc
1370 850 1500 891 modo
1533 850 1677 891 fiebat.
1720 850 1834 892 Fixis

415 920 582 961 duabus
596 919 732 961 hastis
756 933 885 973 super
900 933 970 961 eas
995 920 1212 973 ligabatur
1232 921 1359 962 tertia
1371 937 1381 969 ,·
1406 922 1484 962 sub
1507 921 1572 962 his
1594 923 1726 963 victos
1750 921 1833 963 dis-

415 992 577 1032 cinctos
600 992 783 1031 transire
808 991 1035 1043 cogebant.

354 1062 553 1113 Iugere
578 1061 699 1102 milvi
722 1061 936 1111 dicuntur,
960 1076 1058 1102 cum
1080 1075 1232 1103 vocem
1257 1063 1475 1103 emittunt.

354 1132 517 1184 1uges
542 1133 735 1174 eiusdem
758 1133 848 1185 iugi
870 1146 1009 1185 pares.
1033 1132 1156 1173 Unde
1181 1136 1223 1173 et
1249 1132 1445 1187 conz'ufses
1469 1136 1509 1174 et
1531 1132 1702 1189 sez'usJCS.

354 1203 599 1245 Iubilare
624 1205 687 1245 est
707 1203 867 1244 rustica
889 1217 992 1244 voce
1016 1204 1267 1245 inclamare.

315 1290 329 1313 ε,
354 1275 669 1316 1uventutis
692 1285 851 1315 sacra
872 1288 950 1328 pro
973 1274 1204 1315 iuvenibus
1227 1276 1329 1315 sunt
1351 1277 1562 1316 instituta.

353 1347 546 1387 Iurare
570 1346 738 1386 flamini
761 1345 878 1387 Diali
899 1347 963 1386 fas
987 1359 1077 1386 non
1102 1348 1205 1386 erat.

354 1416 646 1458 Xuvenalia
667 1416 942 1470 fingebantur
964 1416 1117 1457 Dianae
1142 1416 1387 1466 simulacra,
1405 1417 1506 1469 quia-
1522 1431 1571 1458 ea
1585 1419 1687 1458 aet-as
1709 1417 1833 1458 fortis

414 1490 477 1529 est
490 1487 545 1528 ad
560 1487 834 1528 tolerandam
850 1486 977 1528 viam.
998 1487 1140 1528 Diana
1154 1488 1270 1528 enim
1294 1488 1461 1528 viarum
1485 1489 1715 1541 putabatur
1739 1487 1831 1529 dea.

354 1558 603 1609 Iugarius
626 1558 743 1598 vicus
778 1556 917 1598 dictus
951 1560 1113 1607 Romae,
1151 1559 1251 1610 quia
1286 1558 1347 1598 ibi
1370 1557 1508 1599 fuerat
1542 1571 1615 1599 ara
1650 1555 1833 1601 Iunonis

414 1626 546 1685 layca,
570 1642 698 1681 quam
722 1628 935 1682 putabant
958 1628 1239 1670 matrimonia
1262 1631 1451 1681 iungere.

353 1700 460 1740 Ilia
483 1699 597 1740 dicta
619 1699 673 1740 ab
696 1700 782 1746 ina,
808 1713 900 1752 quae
924 1712 1023 1752 pars
1048 1698 1204 1739 ehartae
1230 1700 1292 1739 est
1314 1699 1583 1740 tenuissima.

354 1769 529 1818 Ilicet,
554 1770 646 1810 sine
670 1769 815 1810 dubio.

354 1840 668 1881 laniculum
692 1840 867 1888 dictum,
905 1840 1019 1893 quod
1043 1854 1120 1893 per
1143 1853 1242 1880 eum
1276 1841 1502 1880 Romanus
1538 1839 1726 1892 populus
1750 1840 1832 1893 pri-

414 1913 543 1952 mitus
565 1911 786 1952 transierit
808 1911 852 1951 in
876 1924 1026 1964 agrum
1049 1910 1293 1951 Etruscum.

316 1997 329 2020 5
354 1981 529 2022 mulis
553 1982 672 2023 ovis
689 1982 922 2031 dicebatur,
937 1996 1029 2034 qua>
1047 1983 1247 2023 omnibus
1271 1980 1411 2021 idibus
1434 1980 1527 2021 Iovi
1549 1981 1831 2022 mactabatur.

354 2052 551 2093 Ianual
573 2053 651 2093 libi
673 2066 824 2105 genus1,
849 2053 965 2106 quod
986 2053 1094 2093 lano
1118 2051 1424 2093 tantummodo
1448 2051 1675 2092 delibatur.

354 2122 535 2164 Iambi
558 2123 839 2170 vocabantur,
877 2124 949 2175 qui
983 2123 1144 2175 singuli
1179 2137 1228 2163 ex
1259 2124 1489 2176 proscenio
1524 2122 1829 2174 loquebantur,
1856 2135 1902 2170 105

413 2191 629 2243 τνῑίιηιῖιίῖ
650 2196 722 2247 qui
743 2196 869 2234 terni.

355 2264 529 2315 Igitur
552 2278 669 2305 nunc
706 2264 880 2317 quidem
916 2278 993 2317 pro
1030 2264 1321 2317 conpletionis
1356 2263 1669 2316 significatione
1705 2263 1830 2311 valet,

415 2350 506 2387 quae
532 2338 594 2374 est
618 2348 729 2387 ergo.
766 2335 850 2376 Sed
884 2334 1000 2388 apud
1036 2334 1239 2386 antiquos
1274 2333 1521 2387 ponebatur
1554 2347 1632 2386 pro
1668 2333 1769 2374 inde
1793 2336 1832 2373 et

414 2409 563 2458 postea
588 2408 628 2446 et
651 2408 756 2446 tum.

355 2475 575 2516 11'Ceus*
600 2490 735 2523 genus
758 2476 1012 2517 farciminis.

354 2546 676 2596 1rqu1tallus
698 2560 818 2599 puer,
843 2548 915 2598 qui
938 2547 1078 2599 primo
1102 2545 1349 2586 virilitatem
1373 2558 1495 2585 suam
1520 2545 1748 2597 experitur.

355 2617 577 2657 10Vistae
601 2617 890 2669 compositum
915 2630 939 2657 a
962 2616 1062 2656 Iove
1087 2618 1126 2656 et
1149 2617 1282 2656 iustae.

354 2686 729 2737 Ignitabulum
751 2689 864 2739 ignis
886 2686 1217 2739 receptaculum.

355 2757 512 2808 Ignia
533 2757 635 2798 vitia
659 2771 856 2798 vasorum
880 2757 1090 2798 fictilium.

356 2827 582 2879 1psippe
607 2828 701 2880 ipsi,
726 2841 865 2880 neque
890 2827 975 2868 alii.
