<?xml version="1.0" encoding="UTF-8"?>
<!DOCTYPE html PUBLIC "-//W3C//DTD XHTML 1.0 Transitional//EN"
    "http://www.w3.org/TR/xhtml1/DTD/xhtml1-transitional.dtd">
<html xmlns="http://www.w3.org/1999/xhtml" xml:lang="en" lang="en">
 <head>
  <title>
</title>
<meta http-equiv="Content-Type" content="text/html;charset=utf-8" />
  <meta name='ocr-system' content='tesseract 3.04.00' />
  <meta name='ocr-capabilities' content='ocr_page ocr_carea ocr_par ocr_line ocrx_word'/>
</head>
<body>
  <div class='ocr_page' id='page_1' title='image "./deverborumsignif00festuoft_0110.png"; bbox 0 0 2072 3222; ppageno 0'>
   <div class='ocr_carea' id='block_1_1' title="bbox 333 155 640 197">
    <p class='ocr_par' dir='ltr' id='par_1_1' title="bbox 333 155 640 197">
     <span class='ocr_line' id='line_1_1' title="bbox 333 155 640 197; baseline -0.003 -6"><span class='ocrx_word' id='word_1_1' title='bbox 333 155 387 195; x_wconf 70' lang='lat'>92</span> <span class='ocrx_word' id='word_1_2' title='bbox 448 168 504 197; x_wconf 72' lang='lat' dir='ltr'>or.</span> <span class='ocrx_word' id='word_1_3' title='bbox 520 167 598 191; x_wconf 68' lang='lat' dir='ltr'>vm.</span> <span class='ocrx_word' id='word_1_4' title='bbox 613 166 640 191; x_wconf 81' lang='lat'>9.</span> 
     </span>
    </p>
   </div>
   <div class='ocr_carea' id='block_1_2' title="bbox 352 594 364 616">
    <p class='ocr_par' dir='ltr' id='par_1_2' title="bbox 352 594 364 616">
     <span class='ocr_line' id='line_1_2' title="bbox 352 594 364 616; baseline 0 0"><span class='ocrx_word' id='word_1_5' title='bbox 352 594 364 616; x_wconf 81' lang='lat'>5</span> 
     </span>
    </p>
   </div>
   <div class='ocr_carea' id='block_1_3' title="bbox 332 981 365 1004">
    <p class='ocr_par' dir='ltr' id='par_1_3' title="bbox 332 981 365 1004">
     <span class='ocr_line' id='line_1_3' title="bbox 332 981 365 1004; baseline 0.061 -4"><span class='ocrx_word' id='word_1_6' title='bbox 332 981 342 1004; x_wconf 87' lang='grc'><strong>1</strong></span> <span class='ocrx_word' id='word_1_7' title='bbox 350 983 365 1004; x_wconf 74' lang='grc'>4)</span> 
     </span>
    </p>
   </div>
   <div class='ocr_carea' id='block_1_4' title="bbox 328 1748 362 1771">
    <p class='ocr_par' dir='ltr' id='par_1_4' title="bbox 328 1748 362 1771">
     <span class='ocr_line' id='line_1_4' title="bbox 328 1748 362 1771; baseline -0.029 0"><span class='ocrx_word' id='word_1_8' title='bbox 328 1748 362 1771; x_wconf 77' lang='lat'>20</span> 
     </span>
    </p>
   </div>
   <div class='ocr_carea' id='block_1_5' title="bbox 325 2136 357 2159">
    <p class='ocr_par' dir='ltr' id='par_1_5' title="bbox 325 2136 357 2159">
     <span class='ocr_line' id='line_1_5' title="bbox 325 2136 357 2159; baseline 0 0"><span class='ocrx_word' id='word_1_9' title='bbox 325 2136 357 2159; x_wconf 78' lang='lat'>25</span> 
     </span>
    </p>
   </div>
   <div class='ocr_carea' id='block_1_6' title="bbox 323 2511 358 2534">
    <p class='ocr_par' dir='ltr' id='par_1_6' title="bbox 323 2511 358 2534">
     <span class='ocr_line' id='line_1_6' title="bbox 323 2511 358 2534; baseline 0 0"><span class='ocrx_word' id='word_1_10' title='bbox 323 2511 358 2534; x_wconf 76' lang='lat'>30</span> 
     </span>
    </p>
   </div>
   <div class='ocr_carea' id='block_1_7' title="bbox 404 281 642 325">
    <p class='ocr_par' dir='ltr' id='par_1_7' title="bbox 404 281 642 325">
     <span class='ocr_line' id='line_1_7' title="bbox 404 281 642 325; baseline -0.017 0"><span class='ocrx_word' id='word_1_11' title='bbox 404 281 590 325; x_wconf 61' lang='lat' dir='ltr'>Manat-e</span> <span class='ocrx_word' id='word_1_12' title='bbox 634 314 642 321; x_wconf 85' lang='lat'>.</span> 
     </span>
    </p>
   </div>
   <div class='ocr_carea' id='block_1_8' title="bbox 404 583 862 642">
    <p class='ocr_par' dir='ltr' id='par_1_8' title="bbox 404 583 862 642">
     <span class='ocr_line' id='line_1_8' title="bbox 404 583 862 642; baseline -0.004 -13"><span class='ocrx_word' id='word_1_13' title='bbox 404 583 805 642; x_wconf 67' lang='lat' dir='ltr'>Jlmmlemfontem</span> <span class='ocrx_word' id='word_1_14' title='bbox 855 621 862 627; x_wconf 91' lang='lat'>.</span> 
     </span>
    </p>
   </div>
   <div class='ocr_carea' id='block_1_9' title="bbox 402 737 844 797">
    <p class='ocr_par' dir='ltr' id='par_1_9' title="bbox 402 737 844 797">
     <span class='ocr_line' id='line_1_9' title="bbox 402 737 844 797; baseline -0.002 -15"><span class='ocrx_word' id='word_1_15' title='bbox 402 738 626 783; x_wconf 64' lang='lat' dir='ltr'>Jlmmlem</span> <span class='ocrx_word' id='word_1_16' title='bbox 657 737 844 797; x_wconf 68' lang='lat' dir='ltr'>lapidem</span> 
     </span>
    </p>
   </div>
   <div class='ocr_carea' id='block_1_10' title="bbox 348 1349 1751 1408">
    <p class='ocr_par' dir='ltr' id='par_1_10' title="bbox 348 1349 1751 1408">
     <span class='ocr_line' id='line_1_10' title="bbox 348 1349 1751 1408; baseline -0.001 -15"><span class='ocrx_word' id='word_1_17' title='bbox 348 1371 360 1393; x_wconf 79' lang='lat'><strong>5</strong></span> <span class='ocrx_word' id='word_1_18' title='bbox 397 1351 415 1408; x_wconf 83' lang='grc' dir='ltr'>ΙΙ</span> <span class='ocrx_word' id='word_1_19' title='bbox 451 1349 692 1394; x_wconf 65' lang='lat' dir='ltr'>Manubiae</span> <span class='ocrx_word' id='word_1_20' title='bbox 723 1353 834 1394; x_wconf 85' lang='lat' dir='ltr'>Iovis</span> <span class='ocrx_word' id='word_1_21' title='bbox 865 1356 952 1393; x_wconf 74' lang='lat' dir='ltr'>tres</span> <span class='ocrx_word' id='word_1_22' title='bbox 993 1352 1226 1394; x_wconf 82' lang='lat' dir='ltr'>ereduntur</span> <span class='ocrx_word' id='word_1_23' title='bbox 1262 1366 1380 1401; x_wconf 86' lang='lat' dir='ltr'>esse,</span> <span class='ocrx_word' id='word_1_24' title='bbox 1416 1365 1600 1405; x_wconf 87' lang='lat' dir='ltr'>quarum</span> <span class='ocrx_word' id='word_1_25' title='bbox 1637 1365 1751 1392; x_wconf 87' lang='lat' dir='ltr'>unae</span> 
     </span>
    </p>
   </div>
   <div class='ocr_carea' id='block_1_11' title="bbox 393 1429 1750 2700">
    <p class='ocr_par' dir='ltr' id='par_1_11' title="bbox 393 1429 1750 2700">
     <span class='ocr_line' id='line_1_11' title="bbox 400 1429 1750 1483; baseline -0.001 -14"><span class='ocrx_word' id='word_1_26' title='bbox 400 1431 485 1470; x_wconf 86' lang='lat' dir='ltr'>sint</span> <span class='ocrx_word' id='word_1_27' title='bbox 527 1436 543 1464; x_wconf 73' lang='lat'>4</span> <span class='ocrx_word' id='word_1_28' title='bbox 589 1429 807 1478; x_wconf 75' lang='lat' dir='ltr'>minimae,</span> <span class='ocrx_word' id='word_1_29' title='bbox 875 1443 983 1483; x_wconf 85' lang='lat' dir='ltr'>quae</span> <span class='ocrx_word' id='word_1_30' title='bbox 1051 1433 1262 1470; x_wconf 87' lang='lat' dir='ltr'>moneant</span> <span class='ocrx_word' id='word_1_31' title='bbox 1313 1430 1593 1482; x_wconf 82' lang='lat' dir='ltr'>placataeque</span> <span class='ocrx_word' id='word_1_32' title='bbox 1650 1429 1750 1470; x_wconf 78' lang='lat' dir='ltr'>sint.</span> 
     </span>
     <span class='ocr_line' id='line_1_12' title="bbox 398 1504 1749 1558; baseline -0.002 -11"><span class='ocrx_word' id='word_1_33' title='bbox 398 1506 568 1548; x_wconf 67' lang='lat' dir='ltr'>Alter-ae</span> <span class='ocrx_word' id='word_1_34' title='bbox 627 1518 734 1558; x_wconf 81' lang='lat' dir='ltr'>quae</span> <span class='ocrx_word' id='word_1_35' title='bbox 787 1506 971 1546; x_wconf 87' lang='lat' dir='ltr'>maiores</span> <span class='ocrx_word' id='word_1_36' title='bbox 1024 1509 1138 1555; x_wconf 84' lang='lat' dir='ltr'>sunt,</span> <span class='ocrx_word' id='word_1_37' title='bbox 1184 1519 1233 1546; x_wconf 81' lang='lat' dir='ltr'>ae</span> <span class='ocrx_word' id='word_1_38' title='bbox 1279 1506 1457 1545; x_wconf 81' lang='lat' dir='ltr'>veniant</span> <span class='ocrx_word' id='word_1_39' title='bbox 1506 1518 1603 1544; x_wconf 81' lang='lat' dir='ltr'>cum</span> <span class='ocrx_word' id='word_1_40' title='bbox 1666 1504 1749 1544; x_wconf 82' lang='lat' dir='ltr'>fra-</span> 
     </span>
     <span class='ocr_line' id='line_1_13' title="bbox 397 1581 1746 1635; baseline -0.002 -12"><span class='ocrx_word' id='word_1_41' title='bbox 397 1595 515 1635; x_wconf 82' lang='lat' dir='ltr'>gore,</span> <span class='ocrx_word' id='word_1_42' title='bbox 567 1581 885 1634; x_wconf 75' lang='lat' dir='ltr'>discutiantque</span> <span class='ocrx_word' id='word_1_43' title='bbox 934 1584 1009 1622; x_wconf 88' lang='lat' dir='ltr'>aut</span> <span class='ocrx_word' id='word_1_44' title='bbox 1051 1581 1260 1621; x_wconf 80' lang='lat' dir='ltr'>divellant</span> <span class='ocrx_word' id='word_1_45' title='bbox 1295 1594 1404 1634; x_wconf 84' lang='lat' dir='ltr'>quae</span> <span class='ocrx_word' id='word_1_46' title='bbox 1443 1594 1467 1621; x_wconf 82' lang='lat' dir='ltr'>a</span> <span class='ocrx_word' id='word_1_47' title='bbox 1512 1581 1612 1621; x_wconf 65' lang='lat' dir='ltr'>Iove</span> <span class='ocrx_word' id='word_1_48' title='bbox 1647 1582 1746 1629; x_wconf 71' lang='lat' dir='ltr'>sint,</span> 
     </span>
     <span class='ocr_line' id='line_1_14' title="bbox 398 1657 1748 1703; baseline -0.001 -4"><span class='ocrx_word' id='word_1_49' title='bbox 398 1661 440 1699; x_wconf 88' lang='lat' dir='ltr'>et</span> <span class='ocrx_word' id='word_1_50' title='bbox 492 1658 673 1700; x_wconf 77' lang='lat' dir='ltr'>oonsilio</span> <span class='ocrx_word' id='word_1_51' title='bbox 739 1658 917 1699; x_wconf 89' lang='lat' dir='ltr'>deorum</span> <span class='ocrx_word' id='word_1_52' title='bbox 962 1663 978 1703; x_wconf 73' lang='lat'>†</span> <span class='ocrx_word' id='word_1_53' title='bbox 1031 1658 1144 1699; x_wconf 89' lang='lat' dir='ltr'>mitti</span> <span class='ocrx_word' id='word_1_54' title='bbox 1208 1658 1519 1699; x_wconf 71' lang='lat' dir='ltr'>existimentur.</span> <span class='ocrx_word' id='word_1_55' title='bbox 1585 1657 1748 1698; x_wconf 87' lang='lat' dir='ltr'>Tertiae</span> 
     </span>
     <span class='ocr_line' id='line_1_15' title="bbox 396 1734 1745 1787; baseline -0.001 -12"><span class='ocrx_word' id='word_1_56' title='bbox 396 1735 464 1775; x_wconf 85' lang='lat' dir='ltr'>his</span> <span class='ocrx_word' id='word_1_57' title='bbox 513 1735 762 1787; x_wconf 81' lang='lat' dir='ltr'>ampliores,</span> <span class='ocrx_word' id='word_1_58' title='bbox 805 1748 912 1787; x_wconf 83' lang='lat' dir='ltr'>quae</span> <span class='ocrx_word' id='word_1_59' title='bbox 966 1747 1062 1774; x_wconf 83' lang='lat' dir='ltr'>eum</span> <span class='ocrx_word' id='word_1_60' title='bbox 1110 1734 1208 1786; x_wconf 77' lang='lat' dir='ltr'>igne</span> <span class='ocrx_word' id='word_1_61' title='bbox 1262 1735 1463 1781; x_wconf 77' lang='lat' dir='ltr'>veniant;</span> <span class='ocrx_word' id='word_1_62' title='bbox 1513 1736 1554 1774; x_wconf 90' lang='lat' dir='ltr'>et</span> <span class='ocrx_word' id='word_1_63' title='bbox 1597 1746 1745 1785; x_wconf 79' lang='lat' dir='ltr'>quam-</span> 
     </span>
     <span class='ocr_line' id='line_1_16' title="bbox 399 1809 1746 1864; baseline -0.001 -12"><span class='ocrx_word' id='word_1_64' title='bbox 399 1824 530 1864; x_wconf 83' lang='lat' dir='ltr'>quam</span> <span class='ocrx_word' id='word_1_65' title='bbox 607 1810 780 1851; x_wconf 90' lang='lat' dir='ltr'>nullum</span> <span class='ocrx_word' id='word_1_66' title='bbox 851 1811 944 1852; x_wconf 82' lang='lat' dir='ltr'>sine</span> <span class='ocrx_word' id='word_1_67' title='bbox 996 1812 1094 1863; x_wconf 82' lang='lat' dir='ltr'>igne</span> <span class='ocrx_word' id='word_1_68' title='bbox 1176 1810 1318 1862; x_wconf 76' lang='lat' dir='ltr'>fulgur</span> <span class='ocrx_word' id='word_1_69' title='bbox 1379 1813 1446 1859; x_wconf 83' lang='lat' dir='ltr'>sit,</span> <span class='ocrx_word' id='word_1_70' title='bbox 1509 1809 1590 1850; x_wconf 83' lang='lat' dir='ltr'>hae</span> <span class='ocrx_word' id='word_1_71' title='bbox 1652 1823 1746 1863; x_wconf 86' lang='lat' dir='ltr'>pro-</span> 
     </span>
     <span class='ocr_line' id='line_1_17' title="bbox 396 1886 1745 1940; baseline -0.002 -12"><span class='ocrx_word' id='word_1_72' title='bbox 396 1890 537 1940; x_wconf 83' lang='lat' dir='ltr'>priam</span> <span class='ocrx_word' id='word_1_73' title='bbox 602 1886 889 1928; x_wconf 85' lang='lat' dir='ltr'>differentiam</span> <span class='ocrx_word' id='word_1_74' title='bbox 963 1887 1161 1928; x_wconf 79' lang='lat' dir='ltr'>habeant.</span> <span class='ocrx_word' id='word_1_75' title='bbox 1218 1900 1327 1939; x_wconf 76' lang='lat' dir='ltr'>quae</span> <span class='ocrx_word' id='word_1_76' title='bbox 1391 1890 1465 1928; x_wconf 88' lang='lat' dir='ltr'>aut</span> <span class='ocrx_word' id='word_1_77' title='bbox 1547 1886 1745 1934; x_wconf 86' lang='lat' dir='ltr'>adurant,</span> 
     </span>
     <span class='ocr_line' id='line_1_18' title="bbox 397 1962 1746 2017; baseline -0.001 -13"><span class='ocrx_word' id='word_1_78' title='bbox 397 1968 472 2005; x_wconf 84' lang='lat' dir='ltr'>aut</span> <span class='ocrx_word' id='word_1_79' title='bbox 551 1964 731 2017; x_wconf 82' lang='lat' dir='ltr'>fuligine</span> <span class='ocrx_word' id='word_1_80' title='bbox 814 1963 1067 2010; x_wconf 74' lang='lat' dir='ltr'>deforment,</span> <span class='ocrx_word' id='word_1_81' title='bbox 1150 1966 1225 2004; x_wconf 88' lang='lat' dir='ltr'>aut</span> <span class='ocrx_word' id='word_1_82' title='bbox 1306 1962 1556 2011; x_wconf 72' lang='lat' dir='ltr'>accendant,</span> <span class='ocrx_word' id='word_1_83' title='bbox 1639 1976 1746 2016; x_wconf 84' lang='lat' dir='ltr'>quae</span> 
     </span>
     <span class='ocr_line' id='line_1_19' title="bbox 396 2039 1744 2092; baseline -0.001 -12"><span class='ocrx_word' id='word_1_84' title='bbox 396 2043 557 2081; x_wconf 86' lang='lat' dir='ltr'>statum</span> <span class='ocrx_word' id='word_1_85' title='bbox 648 2043 818 2081; x_wconf 89' lang='lat' dir='ltr'>mutent</span> <span class='ocrx_word' id='word_1_86' title='bbox 908 2039 1084 2080; x_wconf 86' lang='lat' dir='ltr'>deorum</span> <span class='ocrx_word' id='word_1_87' title='bbox 1181 2040 1363 2080; x_wconf 80' lang='lat' dir='ltr'>consilio</span> <span class='ocrx_word' id='word_1_88' title='bbox 1457 2040 1744 2092; x_wconf 80' lang='lat' dir='ltr'>superiorum.</span> 
     </span>
     <span class='ocr_line' id='line_1_20' title="bbox 395 2113 1742 2170; baseline -0.001 -14"><span class='ocrx_word' id='word_1_89' title='bbox 395 2113 412 2170; x_wconf 88' lang='grc' dir='ltr'>ΙΙ</span> <span class='ocrx_word' id='word_1_90' title='bbox 449 2114 630 2157; x_wconf 55' lang='grc' dir='ltr'>ΑΠαηὶακ</span> <span class='ocrx_word' id='word_1_91' title='bbox 683 2116 830 2157; x_wconf 79' lang='lat' dir='ltr'>Aelius</span> <span class='ocrx_word' id='word_1_92' title='bbox 874 2115 982 2156; x_wconf 84' lang='lat' dir='ltr'>Stilo</span> <span class='ocrx_word' id='word_1_93' title='bbox 1027 2115 1168 2161; x_wconf 77' lang='lat' dir='ltr'>dieit†</span> <span class='ocrx_word' id='word_1_94' title='bbox 1213 2117 1311 2157; x_wconf 81' lang='lat' dir='ltr'>ficta</span> <span class='ocrx_word' id='word_1_95' title='bbox 1368 2129 1476 2168; x_wconf 82' lang='lat' dir='ltr'>quae</span> <span class='ocrx_word' id='word_1_96' title='bbox 1510 2125 1526 2147; x_wconf 60' lang='lat'>4</span> <span class='ocrx_word' id='word_1_97' title='bbox 1581 2130 1629 2156; x_wconf 72' lang='lat' dir='ltr'>ex</span> <span class='ocrx_word' id='word_1_98' title='bbox 1683 2116 1742 2156; x_wconf 83' lang='lat' dir='ltr'>fa-</span> 
     </span>
     <span class='ocr_line' id='line_1_21' title="bbox 393 2192 1741 2245; baseline 0 -13"><span class='ocrx_word' id='word_1_99' title='bbox 393 2193 487 2233; x_wconf 85' lang='lat' dir='ltr'>rina</span> <span class='ocrx_word' id='word_1_100' title='bbox 568 2193 612 2233; x_wconf 86' lang='lat' dir='ltr'>in</span> <span class='ocrx_word' id='word_1_101' title='bbox 694 2192 921 2234; x_wconf 89' lang='lat' dir='ltr'>hominum</span> <span class='ocrx_word' id='word_1_102' title='bbox 996 2193 1167 2245; x_wconf 82' lang='lat' dir='ltr'>figuras,</span> <span class='ocrx_word' id='word_1_103' title='bbox 1245 2195 1345 2245; x_wconf 86' lang='lat' dir='ltr'>quia</span> <span class='ocrx_word' id='word_1_104' title='bbox 1408 2196 1556 2245; x_wconf 79' lang='lat' dir='ltr'>turpes</span> <span class='ocrx_word' id='word_1_105' title='bbox 1622 2192 1741 2240; x_wconf 82' lang='lat' dir='ltr'>fiant,</span> 
     </span>
     <span class='ocr_line' id='line_1_22' title="bbox 396 2269 1742 2322; baseline 0 -14"><span class='ocrx_word' id='word_1_106' title='bbox 396 2282 501 2321; x_wconf 86' lang='lat' dir='ltr'>quas</span> <span class='ocrx_word' id='word_1_107' title='bbox 565 2269 639 2308; x_wconf 85' lang='lat' dir='ltr'>alii</span> <span class='ocrx_word' id='word_1_108' title='bbox 715 2269 929 2309; x_wconf 79' lang='lat' dir='ltr'>maniolas</span> <span class='ocrx_word' id='word_1_109' title='bbox 1016 2269 1250 2322; x_wconf 83' lang='lat' dir='ltr'>appellent.</span> <span class='ocrx_word' id='word_1_110' title='bbox 1330 2269 1500 2308; x_wconf 81' lang='lat' dir='ltr'>Manias</span> <span class='ocrx_word' id='word_1_111' title='bbox 1583 2270 1742 2313; x_wconf 88' lang='lat' dir='ltr'>autem,</span> 
     </span>
     <span class='ocr_line' id='line_1_23' title="bbox 395 2344 1745 2398; baseline -0.001 -14"><span class='ocrx_word' id='word_1_112' title='bbox 395 2357 499 2396; x_wconf 71' lang='lat' dir='ltr'>quas</span> <span class='ocrx_word' id='word_1_113' title='bbox 603 2344 790 2385; x_wconf 76' lang='lat' dir='ltr'>nutrices</span> <span class='ocrx_word' id='word_1_114' title='bbox 893 2345 1152 2385; x_wconf 83' lang='lat' dir='ltr'>minitentur</span> <span class='ocrx_word' id='word_1_115' title='bbox 1273 2345 1462 2398; x_wconf 81' lang='lat' dir='ltr'>parvulis</span> <span class='ocrx_word' id='word_1_116' title='bbox 1583 2346 1745 2397; x_wconf 81' lang='lat' dir='ltr'>pueriS‚</span> 
     </span>
     <span class='ocr_line' id='line_1_24' title="bbox 395 2420 1740 2473; baseline 0.001 -13"><span class='ocrx_word' id='word_1_117' title='bbox 395 2434 484 2460; x_wconf 74' lang='lat' dir='ltr'>esse</span> <span class='ocrx_word' id='word_1_118' title='bbox 576 2422 727 2470; x_wconf 85' lang='lat' dir='ltr'>larvas,</span> <span class='ocrx_word' id='word_1_119' title='bbox 825 2420 867 2460; x_wconf 87' lang='lat' dir='ltr'>id</span> <span class='ocrx_word' id='word_1_120' title='bbox 942 2424 1005 2461; x_wconf 86' lang='lat' dir='ltr'>est</span> <span class='ocrx_word' id='word_1_121' title='bbox 1079 2434 1233 2462; x_wconf 85' lang='lat' dir='ltr'>manes</span> <span class='ocrx_word' id='word_1_122' title='bbox 1338 2420 1440 2461; x_wconf 88' lang='lat' dir='ltr'>deos</span> <span class='ocrx_word' id='word_1_123' title='bbox 1544 2420 1740 2473; x_wconf 79' lang='lat' dir='ltr'>deasque,</span> 
     </span>
     <span class='ocr_line' id='line_1_25' title="bbox 393 2496 1742 2550; baseline 0.002 -15"><span class='ocrx_word' id='word_1_124' title='bbox 393 2502 409 2529; x_wconf 60' lang='lat'>4</span> <span class='ocrx_word' id='word_1_125' title='bbox 452 2496 525 2548; x_wconf 83' lang='lat' dir='ltr'>qui</span> <span class='ocrx_word' id='word_1_126' title='bbox 568 2500 642 2536; x_wconf 78' lang='lat' dir='ltr'>aut</span> <span class='ocrx_word' id='word_1_127' title='bbox 698 2497 752 2537; x_wconf 87' lang='lat' dir='ltr'>ab</span> <span class='ocrx_word' id='word_1_128' title='bbox 803 2498 951 2537; x_wconf 65' lang='lat' dir='ltr'>inferis</span> <span class='ocrx_word' id='word_1_129' title='bbox 998 2496 1052 2537; x_wconf 90' lang='lat' dir='ltr'>ad</span> <span class='ocrx_word' id='word_1_130' title='bbox 1094 2510 1271 2550; x_wconf 84' lang='lat' dir='ltr'>superos</span> <span class='ocrx_word' id='word_1_131' title='bbox 1327 2500 1546 2546; x_wconf 84' lang='lat' dir='ltr'>emanant,</span> <span class='ocrx_word' id='word_1_132' title='bbox 1602 2501 1677 2538; x_wconf 85' lang='lat' dir='ltr'>aut</span> <span class='ocrx_word' id='word_1_133' title='bbox 1725 2502 1742 2543; x_wconf 79' lang='lat'>†</span> 
     </span>
     <span class='ocr_line' id='line_1_26' title="bbox 393 2571 1739 2614; baseline 0.001 -3"><span class='ocrx_word' id='word_1_134' title='bbox 393 2571 541 2613; x_wconf 86' lang='lat' dir='ltr'>Mania</span> <span class='ocrx_word' id='word_1_135' title='bbox 584 2576 646 2613; x_wconf 83' lang='lat' dir='ltr'>est</span> <span class='ocrx_word' id='word_1_136' title='bbox 689 2587 836 2614; x_wconf 89' lang='lat' dir='ltr'>eorum</span> <span class='ocrx_word' id='word_1_137' title='bbox 883 2575 979 2614; x_wconf 82' lang='lat' dir='ltr'>avia</span> <span class='ocrx_word' id='word_1_138' title='bbox 1030 2576 1240 2614; x_wconf 82' lang='lat' dir='ltr'>materna.</span> <span class='ocrx_word' id='word_1_139' title='bbox 1286 2577 1385 2614; x_wconf 82' lang='lat' dir='ltr'>sunt</span> <span class='ocrx_word' id='word_1_140' title='bbox 1428 2574 1544 2614; x_wconf 86' lang='lat' dir='ltr'>enim</span> <span class='ocrx_word' id='word_1_141' title='bbox 1587 2573 1739 2614; x_wconf 80' lang='lat' dir='ltr'>utrius-</span> 
     </span>
     <span class='ocr_line' id='line_1_27' title="bbox 394 2649 943 2700; baseline 0.005 -13"><span class='ocrx_word' id='word_1_142' title='bbox 394 2661 475 2699; x_wconf 85' lang='lat' dir='ltr'>que</span> <span class='ocrx_word' id='word_1_143' title='bbox 499 2649 715 2700; x_wconf 82' lang='lat' dir='ltr'>opinionis</span> <span class='ocrx_word' id='word_1_144' title='bbox 739 2652 943 2690; x_wconf 83' lang='lat' dir='ltr'>auctores.</span> 
     </span>
    </p>
   </div>
   <div class='ocr_carea' id='block_1_12' title="bbox 736 163 1812 194">
    <p class='ocr_par' dir='ltr' id='par_1_12' title="bbox 736 163 1812 194">
     <span class='ocr_line' id='line_1_28' title="bbox 736 163 1812 194; baseline -0.005 0"><span class='ocrx_word' id='word_1_145' title='bbox 736 167 854 194; x_wconf 85' lang='lat' dir='ltr'>FESTI</span> <span class='ocrx_word' id='word_1_146' title='bbox 870 166 1025 194; x_wconf 71' lang='lat' dir='ltr'>FRAGM.</span> <span class='ocrx_word' id='word_1_147' title='bbox 1042 166 1096 193; x_wconf 85' lang='lat' dir='ltr'>EX</span> <span class='ocrx_word' id='word_1_148' title='bbox 1110 167 1259 194; x_wconf 78' lang='lat' dir='ltr'>APOGR.</span> <span class='ocrx_word' id='word_1_149' title='bbox 1276 167 1313 194; x_wconf 85' lang='lat' dir='ltr'>L.</span> <span class='ocrx_word' id='word_1_150' title='bbox 1330 167 1404 194; x_wconf 82' lang='lat' dir='ltr'><strong>XII.</strong></span> <span class='ocrx_word' id='word_1_151' title='bbox 1658 165 1688 190; x_wconf 86' lang='lat' dir='ltr'>P.</span> <span class='ocrx_word' id='word_1_152' title='bbox 1706 163 1757 188; x_wconf 65' lang='lat'>1:29</span> <span class='ocrx_word' id='word_1_153' title='bbox 1770 165 1812 189; x_wconf 82' lang='lat' dir='ltr'>M.</span> 
     </span>
    </p>
   </div>
  </div>
 </body>
</html>
