2072 3222
301 123 384 163 558
873 135 997 162 PAULI
1019 134 1248 162 EXCERPTA.
1645 133 1787 160 366—367

373 250 646 301 Tegillum
689 250 1064 291 cuculliunculum
1088 264 1136 291 ex
1159 249 1300 303 scirpo
1324 250 1500 290 factum.
1520 249 1725 292 Plautus:

436 326 676 379 «Tegillum
695 326 805 367 mihi
828 328 933 376 aret,
956 326 1001 366 id
1023 328 1057 366 si
1081 326 1157 375 vis,
1182 326 1333 367 dabo.»

373 403 588 444 Tiberis
624 403 784 444 fluvius
820 403 960 443 dictus
996 416 1021 443 a
1068 402 1272 444 Tiberino
1307 417 1406 456 rege
1442 404 1726 454 Albanorum,

431 480 544 532 quod
573 480 617 520 in
653 493 702 520 eo
732 479 967 520 cecidisset.
994 476 1139 521 Tibris
1171 493 1196 519 a
1218 479 1334 520 Tibri
1354 493 1451 532 rege
1474 479 1725 521 Tuscorum.

323 569 338 591 3
374 556 654 597 Tibicines
676 557 721 596 in
741 555 931 597 aedificiis
955 555 1040 596 dici
1063 555 1366 597 existimantur
1389 569 1413 596 a
1443 555 1727 597 similitudine

431 634 546 674 tibiis
581 634 847 681 canentium,
871 633 943 685 qui
965 635 1014 672 ut
1037 634 1263 672 cantantes
1298 632 1554 681 sustineant,
1578 633 1639 673 ita
1661 632 1727 673 illi

431 708 713 750 aedificiorum
737 712 863 749 tecta.

373 786 610 838 Tippula
661 786 854 827 bestiola?
911 799 1046 835 genus
1089 798 1159 825 sex
1202 783 1331 837 pedes
1385 783 1601 835 habentis,
1654 784 1728 825 sed

431 867 563 904 tanta}
586 863 786 912 levitam,
819 866 868 903 ut
889 876 1019 915 super
1042 875 1203 915 aquam
1227 875 1404 902 currens
1431 875 1520 902 non
1545 861 1724 903 desidat.

302 958 336 982 iu
429 941 632 982 Plautus:
674 940 846 993 «Neque
884 939 1063 992 tippulae
1098 939 1234 979 levius
1272 937 1446 992 pondus
1483 940 1561 989 est,
1597 951 1728 993 quam

433 1018 539 1058 fides
562 1019 782 1058 lenonia».

320 1105 326 1131 i
374 1094 704 1136 Testiculari
727 1095 791 1134 est
812 1094 1021 1134 iumentis
1044 1092 1239 1133 maribus
1261 1092 1461 1142 feminas,
1487 1092 1551 1132 vel
1584 1105 1727 1133 mares

432 1172 604 1212 feminis
627 1171 872 1220 admovere,
897 1170 994 1211 licet
1017 1170 1090 1210 alii
1111 1170 1258 1211 dicant
1279 1166 1473 1211 testilasrz‘.

375 1247 555 1289 Tifata
577 1248 734 1288 iliceta.
758 1250 906 1288 Romae
927 1249 1073 1288 autem
1097 1243 1247 1299 Tifata
1265 1259 1327 1288 cu}
1343 1244 1399 1287 ia.
1423 1242 1575 1299 Tifata
1598 1244 1728 1285 etiam

304 1334 339 1358 1⁵3
433 1325 557 1365 locus
581 1326 703 1365 iuxta
725 1324 935 1376 Capuam.

375 1400 646 1441 Thiasitas
670 1400 892 1441 sodalitas,

375 1477 541 1518 Tituli
562 1477 721 1518 milites
758 1477 1037 1530 appellantur
1072 1476 1196 1529 quasi
1234 1475 1378 1524 tutuli,
1403 1475 1519 1528 quod
1540 1475 1729 1528 patriam

432 1557 673 1601 tuerentur,
700 1554 817 1594 unde
843 1556 884 1594 et
906 1553 989 1594 Titi
1011 1566 1268 1606 praenomen
1292 1554 1436 1593 ortum
1459 1554 1536 1593 est.

375 1631 635 1672 Titiensis
670 1631 807 1671 tribus
843 1644 868 1671 a
902 1630 1170 1683 praenomine
1213 1629 1308 1670 Tati
1349 1628 1461 1681 regis
1511 1628 1730 1681 appellata

304 1722 339 1746 20
435 1721 525 1748 esse
549 1707 730 1748 videtur.

377 1784 518 1824 Titia
541 1798 710 1837 quoque
735 1785 854 1824 curia
877 1783 930 1823 ab
956 1782 1107 1823 eodem
1131 1796 1228 1835 rege
1252 1785 1316 1823 est
1336 1781 1463 1823 dicta.

377 1860 557 1902 'sebini
579 1875 656 1914 pro
680 1860 813 1901 tenui.

377 1937 634 1978 Thraeces
669 1936 930 1990 gladiatores
961 1935 1242 1989 appellantur
1269 1948 1294 1976 a
1323 1934 1607 1976 similitudine
1634 1947 1729 1988 par-

436 2014 655 2055 mularum
692 2013 986 2053 Thraciarum.

305 2099 338 2123 25
376 2089 554 2141 Tryga
607 2091 775 2143 antiqui
830 2090 980 2129 vinum
1027 2088 1325 2142 appellabant,
1379 2087 1494 2129 unde
1549 2093 1730 2144 tryqetus

436 2166 577 2207 adhuc
600 2166 768 2207 dicitur.

378 2242 763 2283 Tittibfflcium
808 2242 973 2282 nullius
1017 2240 1346 2294 significationis
1399 2243 1475 2291 est,
1518 2243 1567 2281 ut
1615 2241 1730 2294 apud

437 2317 613 2359 Graecos
639 2321 788 2373 βλίτυρι
812 2322 852 2360 et
877 2319 1110 2373 σκινδαψὸς.
1134 2318 1340 2359 Plautus:
1372 2317 1494 2359 «Non
1518 2331 1595 2370 ego
1614 2317 1729 2359 istud

436 2395 614 2435 verbum
639 2395 920 2448 empsiculem
939 2397 961 2412 *
985 2394 1259 2436 tittibilicio.»

306 2487 342 2511 30
377 2471 551 2512 Trans
574 2472 747 2525 proprie
772 2471 929 2513 dicitur
952 2470 1036 2511 duo
1060 2470 1182 2523 ligna
1205 2473 1431 2523 conpacta.

306 2554 310 2580 ἱ
378 2548 585 2599 Tragus
607 2562 746 2601 genus
770 2548 945 2589 conchae
970 2547 1077 2588 mali
1099 2548 1281 2600 saporis.
1737 2549 1787 2583 :367

378 2625 613 2666 Trabica
648 2625 783 2674 navis,
821 2623 936 2677 quod
974 2625 1029 2664 sit
1063 2623 1261 2665 trabibus
1285 2622 1468 2664 confixa.
1491 2622 1727 2663 Pacuvius:

442 2700 647 2741 «Labitur
669 2701 834 2742 trabica
849 2702 896 2740 in
919 2701 1075 2742 alveos,
1087 2715 1101 2736 υ

378 2777 637 2818 Trachali
659 2777 940 2830 appellantur
961 2776 1172 2817 muricum
1193 2788 1240 2817 ac
1258 2788 1460 2829 purpurae
1483 2773 1728 2828 superiores
