2072 3222
322 929 357 954 10

323 1635 358 1659 20

384 151 439 191 68
699 163 824 191 PAULI
846 163 1062 191 EXCERPTA
1084 163 1139 191 EX
1161 163 1245 191 LIB.
1268 163 1392 191 POMP.
1416 163 1537 190 FESTI
1757 160 1862 187 95--97

441 280 571 327 mine,
610 280 678 319 cui
700 292 865 319 nomen
899 280 962 318 est
983 276 1134 326 Gallo;
1172 278 1275 331 quia
1310 279 1384 331 qui
1419 292 1469 320 ex
1491 292 1541 320 eo
1577 278 1780 328 biberint,
1816 281 1860 319 in

441 349 522 391 hoc
554 349 695 390 furere
730 349 956 401 incipiant,
994 350 1042 389 ut
1064 362 1108 390 se
1144 350 1317 401 privent
1356 348 1574 389 virilitatis
1610 351 1747 402 parte.
1793 350 1863 390 Ali

441 421 609 472 putant,
645 418 740 459 ideo
776 431 848 459 eos
883 418 964 459 sibi
984 418 1193 471 genitalia
1228 418 1431 467 incidere,
1469 419 1569 471 quia
1604 418 1863 460 violaverint

441 488 634 530 numen*
658 490 791 542 patris
815 491 1033 538 matrisve,
1055 502 1111 530 ne
1133 489 1304 542 possint
1326 490 1409 543 ipsi
1432 489 1525 531 fieri
1547 492 1760 542 parentes.

384 559 709 610 Gnarigavit
744 559 861 612 apud
897 559 1071 600 Livium
1105 559 1317 613 significat
1354 560 1560 601 narravit.
1609 557 1862 603 Gnarivz'sse

440 644 651 671 narrasse.

384 700 521 742 Gaia
545 699 766 742 Caeoflia
789 700 1011 754 appellata
1047 703 1122 750 est,
1158 703 1204 742 ut
1226 701 1413 742 Romam
1436 701 1569 751 venit,
1606 715 1700 754 quae
1735 704 1861 742 antea

441 771 655 824 Tanaquil
693 772 879 811 vocitata
917 774 1022 820 erat,
1060 784 1168 812 uxor
1203 771 1428 824 Tarquinii
1466 772 1599 812 Prisci
1633 773 1744 825 regis
1778 772 1860 812 Ro-

440 855 688 890 manorum,
722 855 815 894 quae
837 844 969 883 tantae
1001 842 1228 895 probitatis
1250 841 1345 890 fuit,
1380 844 1425 883 ut
1448 842 1492 882 id
1514 855 1679 883 nomen
1703 842 1861 883 ominis

440 913 546 953 boni
569 926 698 953 causa
731 912 1009 964 frequentent
1031 913 1264 962 nubenteS,
1300 926 1431 965 quam
1453 926 1672 954 summam
1695 926 1860 954 asseve-

438 986 537 1024 rant
560 982 780 1024 lanificam
802 983 947 1024 fuisse.

382 1053 601 1094 Gallam
622 1052 817 1093 bibere
842 1063 905 1094 ao
929 1061 1090 1104 rugas
1115 1052 1432 1094 conducere
1456 1054 1654 1103 ventri,
1680 1067 1780 1095 cum
1804 1056 1863 1095 ait

439 1124 647 1173 Lucilius,
671 1127 926 1177 praemonet,
941 1125 1213 1177 parsimonia
1235 1138 1327 1165 esse
1342 1123 1570 1173 utendum,
1594 1138 1736 1178 neque
1751 1125 1862 1177 gulae

438 1194 770 1247 indulgendum,
795 1197 1076 1247 ventremque
1101 1194 1402 1236 coartandum.

342 1283 354 1306 5
383 1264 591 1306 Gauius
613 1278 750 1318 genus
774 1265 937 1317 navigii
958 1278 1081 1317 paene
1105 1264 1357 1306 rotundum.

382 1334 659 1377 &albeum
682 1335 929 1376 ornamenti
951 1348 1101 1388 genus.

382 1405 574 1455 Gestst,
600 1407 674 1459 qui
697 1406 840 1446 subita
864 1406 1065 1446 felicitate
1091 1405 1353 1446 exhilaratus
1368 1407 1505 1446 nimio
1530 1409 1723 1459 corporis
1739 1409 1862 1447 motu

440 1481 596 1530 prester
618 1476 982 1518 consuetudinem
1007 1477 1186 1518 exultat.

383 1547 572 1588 Gneus
596 1550 636 1588 et
660 1549 852 1600 corporis
874 1548 1044 1600 insigne
1082 1549 1122 1588 et
1144 1560 1399 1601 praenomen
1433 1561 1457 1587 a
1479 1547 1728 1600 generando
1751 1546 1863 1588 dicta

444 1631 550 1667 esse,
574 1620 614 1659 et
637 1631 687 1659 ea
709 1619 803 1671 ipsa
827 1632 875 1658 ex
898 1617 1048 1659 Graeco
1071 1620 1293 1670 γίγνεσθαι,
1317 1621 1511 1671 apparet.

384 1690 642 1732 Ganeum
664 1690 833 1741 antiqui
870 1690 1018 1730 locum
1042 1688 1238 1730 abditum
1275 1702 1323 1728 ac
1344 1689 1463 1729 velut
1499 1688 1580 1729 sub
1613 1691 1725 1729 terra
1748 1686 1861 1728 dixe-

438 1761 553 1800 runt.
592 1759 842 1800 Terentius:
873 1759 983 1800 «Ubi
1005 1758 1132 1799 illum
1157 1772 1348 1811 quaeram
1364 1762 1383 1799 ἱ)
1407 1758 1534 1799 credo
1559 1757 1793 1798 abductum
1818 1760 1862 1799 in

438 1843 668 1883 ganeum.»

382 1900 668 1942 Galearia*
693 1914 718 1941 a
740 1901 964 1954 galearum
988 1899 1274 1941 similitudine
1299 1900 1424 1941 dicta.

344 1989 356 2011 5
384 1971 609 2012 Gnitor*
633 1974 673 2012 et
697 1971 891 2022 gnixus
915 1986 939 2012 a
961 1970 1174 2024 genibus*
1199 1971 1329 2024 prisci
1352 1969 1566 2011 dixerunt.

384 2041 583 2091 Gnotu,
610 2042 798 2094 cognitu.

384 2111 778 2161 Gravastellus,
801 2112 959 2153 senior.
994 2111 1198 2152 Plautus:
1241 2112 1349 2161 «Qui
1372 2113 1435 2152 est
1456 2111 1756 2163 gravastellus,
1789 2112 1861 2163 qui

440 2182 653 2224 advenit.»
688 2182 743 2223 Ut
765 2184 886 2235 puto,
910 2182 1194 2235 gravastellus
1219 2196 1243 2222 a
1264 2183 1472 2235 gravitate
1496 2180 1648 2222 dictus.

384 2252 621 2294 Gramiae
646 2253 873 2294 oculorum
897 2255 997 2293 sunt
1020 2254 1137 2301 vitia,
1162 2266 1268 2305 quas
1291 2252 1366 2293 alii
1386 2249 1554 2306 (flumas
1578 2254 1747 2292 vocant.

345 2347 358 2362 .,
386 2322 595 2364 (31301113,
618 2323 867 2376 appellatur
890 2336 1027 2376 genus
1057 2322 1320 2364 machinulae
1345 2321 1585 2370 cuiusdam,
1617 2335 1701 2374 quo
1724 2321 1859 2374 regio·

444 2407 521 2433 nes
557 2394 646 2445 agri
681 2392 890 2445 cuiusque
926 2393 1128 2445 cognosci
1165 2394 1363 2446 possunt,
1401 2391 1516 2444 quod
1551 2404 1688 2443 genus
1726 2389 1863 2432 Graeci

441 2468 623 2518 γνώμονα
648 2464 811 2505 dicunt.

385 2533 625 2576 Grumus
647 2537 771 2574 terrae
795 2534 1006 2582 collectio,
1030 2534 1174 2574 minor
1197 2533 1382 2574 tumulo.

1899 856 1932 889 96

385 2603 721 2645 Gracchuris
754 2604 857 2645 urbs
893 2604 1067 2644 Hiberae
1090 2605 1291 2656 regionis,
1329 2603 1439 2643 dicta
1464 2616 1487 2642 a
1521 2602 1715 2643 Graccho
1740 2601 1858 2643 Sem·
1899 2617 1929 2650 97

441 2677 612 2728 pronio,
637 2688 730 2727 quae
754 2677 883 2715 antea
905 2674 1058 2715 Ilurcis
1081 2673 1406 2714 nominabatur.

385 2744 579 2785 Graeea
602 2755 758 2784 sacra
792 2745 900 2785 festa
936 2744 1099 2785 Cereris
1135 2758 1185 2785 ex
1219 2742 1384 2784 Graeeia
1418 2743 1643 2791 translata,
1680 2755 1774 2795 quae
1808 2743 1860 2782 ob

442 2815 740 2855 inventionem
779 2815 1049 2868 Proserpinae
1085 2818 1295 2854 matronae
1331 2813 1546 2854 colebant.
1589 2812 1692 2862 Quae
1725 2825 1859 2861 sacra,
