2072 3222
137 1319 169 1352 89

1651 183 1689 199 ¹¹⁴)

213 187 318 214 88-ssss
609 193 664 219 DE
688 191 1029 220 SIGNIFICATIONE
1047 194 1289 222 VERBORL’M.
1637 186 1691 222 bo

213 306 487 348 Falcones
511 306 725 354 dicuntur,
752 320 937 359 quorum
962 307 1082 361 digiti
1106 309 1284 361 pollices
1298 312 1344 351 in
1366 310 1552 364 pedibus
1574 313 1689 352 intro

272 380 373 418 sunt
396 378 575 428 curvati,
598 391 623 419 a
645 376 931 418 similitudine
954 378 1091 419 falcis.

213 448 483 490 Farreum
505 462 642 501 genus
664 447 743 488 libi
765 462 815 488 ex
837 448 948 489 farre
971 448 1146 489 factum.

212 518 465 560 Falariea
486 532 624 571 genus
646 520 720 559 teli
742 519 917 566 missile,
955 532 1037 572 quo
1061 522 1246 561 utuntur
1270 534 1318 561 ex
1350 519 1423 573 fal
1429 522 1462 564 125·
1485 522 1527 563 id
1553 527 1616 564 est
1640 538 1689 564 ex

270 590 378 630 locis
402 591 618 639 extructis,
649 589 920 631 dimicantes
1729 612 1743 636 5

212 659 493 711 Fatantur,
520 661 660 701 multa
681 660 841 700 fantur.

211 730 359 772 Falae
383 730 505 771 dictae
539 731 593 771 ab
629 730 872 779 altitudine,
914 745 938 772 a
969 727 1144 785 fabulo,
1181 732 1295 785 quod
1332 733 1447 785 apud
1482 734 1688 776 Etruscos

270 801 485 854 significat
506 802 676 841 caelum.

210 871 532 918 Farfenum†
559 872 736 924 virgulti
759 885 909 925 genus.

209 943 508 984 Faseinum
532 945 573 983 et
594 942 674 983 fas
699 956 723 983 a
745 942 877 983 fando
901 943 1204 984 nominantur.
1712 965 1746 989 10

209 1013 483 1063 Fartores,
508 1013 872 1061 nomenclatores,
911 1015 984 1066 qui
1008 1012 1148 1054 clam*
1185 1015 1303 1055 velut
1334 1016 1588 1057 infercirent-
1610 1031 1686 1058 no-

267 1086 389 1125 mina
411 1085 703 1126 salutatorum
728 1085 773 1125 in
798 1097 948 1125 aurem
973 1083 1206 1125 candidati.

208 1155 489 1197 Furnanffl
512 1169 633 1197 sacra
655 1155 688 1195 F
692 1156 844 1205 urinae‚
869 1168 999 1208 quam
1024 1154 1150 1195 deam
1175 1155 1389 1197 dicebant.

207 1226 481 1268 Fureffles
504 1227 592 1267 sive
610 1225 840 1275 furcilla,
865 1227 1020 1279 quibus
1044 1227 1244 1267 homines
1267 1228 1657 1281 suspendebantur.

207 1297 435 1338 Fundus
469 1297 625 1338 dicitur
668 1311 782 1350 ager,
822 1296 939 1350 quod
975 1297 1135 1350 planus
1175 1298 1230 1338 sit
1264 1298 1317 1339 ad
1352 1298 1688 1340 similitudinem
1710 1317 1745 1342 15

266 1367 390 1409 fundi
412 1381 630 1409 vasorum.
666 1366 712 1410 F
712 1365 852 1411 mulus
885 1381 1055 1421 quoque
1090 1368 1246 1409 dicit-ur
1267 1369 1457 1422 populus
1493 1383 1586 1410 esse
1610 1369 1684 1418 rei,

267 1438 426 1492 quam*
450 1439 624 1488 alienat,
650 1438 732 1480 hoc
756 1441 819 1479 est
842 1442 1004 1480 auctor.

206 1509 410 1551 Futare
435 1523 612 1562 arguere
647 1512 722 1558 est,
758 1509 874 1551 unde
899 1512 940 1550 et
974 1510 1212 1552 confutare.
1253 1509 1337 1551 Sed
1362 1510 1466 1552 Cato
1502 1511 1584 1552 hoc
1606 1525 1684 1565 pro

265 1582 423 1635 saepius
445 1581 577 1621 fuisse
600 1581 758 1634 posuit.

206 1651 438 1693 Futtfles
462 1650 679 1700 dicuntur,
703 1652 774 1704 qui
793 1651 917 1692 silere
929 1651 1117 1692 tacenda
1131 1654 1368 1704 nequeunt,
1392 1651 1466 1692 sed
1482 1665 1532 1693 ea
1551 1652 1684 1693 effun·
1707 1670 1743 1694 20

266 1722 387 1763 dunt.
412 1722 481 1763 Sic
504 1726 544 1763 et
565 1735 670 1763 vasa
688 1718 861 1775 futtilia
886 1735 910 1762 a
932 1722 1156 1764 fundendo
1181 1725 1346 1764 vocata.

205 1793 556 1844 Flagratores
591 1793 846 1834 dicebantur
877 1807 1013 1847 genus
1046 1794 1300 1841 hominum,
1339 1793 1453 1846 quod
1488 1794 1683 1836 mercede

265 1865 411 1918 flagris
434 1864 723 1905 caedebantur.

206 1935 425 1976 Flustra
467 1934 669 1975 dicuntur
684 1967 693 1983 ,
737 1948 835 1975 cum
879 1934 923 1974 in
966 1936 1077 1976 mari
1119 1934 1274 1975 fluctus
1316 1948 1406 1975 non
1440 1937 1683 1984 moventur,

266 2020 396 2059 quan]
421 2005 558 2047 Graeci
582 2007 785 2060 μαλακίαν
809 2007 979 2046 vocant.
1706 2012 1741 2037 25

206 2076 399 2117 Flator‘
421 2077 596 2118 tibicen.

204 2147 460 2188 Flemina
482 2146 697 2193 dicuntur,
721 2158 818 2186 cum
841 2159 890 2186 ex
912 2146 1061 2186 labore
1086 2145 1163 2186 viae
1198 2145 1375 2197 sanguis
1399 2145 1547 2186 defluit
1573 2146 1684 2186 circa

264 2217 390 2258 talos.
412 2256 415 2257 γ

206 2287 510 2329 Flaminius
534 2287 670 2327 circus
693 2290 733 2327 et
754 2288 824 2326 via
841 2286 1060 2327 Flaminia
1082 2299 1106 2326 a
1124 2285 1340 2326 Flaminio
1365 2285 1545 2326 consule
1570 2284 1683 2326 dicta

265 2361 378 2407 sunt,
413 2358 485 2411 qui
508 2358 562 2398 ab
596 2357 848 2398 Hannibale
883 2356 1134 2398 interfectus
1169 2359 1231 2397 est
1254 2356 1307 2396 ad
1343 2357 1487 2397 lacum
1510 2355 1680 2396 Thra-si·
1706 2370 1741 2394 30

264 2442 490 2470 mennum.

205 2499 480 2540 Flaminia
503 2498 648 2539 aedes
672 2498 828 2538 domus
851 2496 1041 2538 flaminis
1065 2496 1218 2537 Dialis.

205 2569 556 2618 Flammeari,
588 2569 819 2609 infectores
861 2568 1053 2608 flammei
1097 2568 1263 2616 coloris,
1311 2563 1477 2608 Violuri
1510 2565 1683 2606 violacii

265 2641 480 2681 dicuntur.

207 2711 576 2752 Flumentana
598 2710 724 2760 porta
745 2709 895 2749 Romae
919 2708 1153 2761 appellata,
1190 2706 1303 2759 quod
1327 2706 1490 2747 Tiberis
1513 2709 1679 2760 partem
1703 2722 1737 2746 35

266 2795 316 2822 ea
338 2781 509 2821 fluxisse
533 2778 780 2820 adfirmant.

206 2852 494 2892 Flammeo
530 2850 733 2890 amicitur
764 2850 935 2890 nubens
972 2849 1130 2889 ominis
1165 2847 1270 2888 boni
1305 2860 1447 2894 causa,
1485 2847 1598 2899 quod
1633 2861 1681 2887 eo
