2072 3222
332 134 412 174 146
475 147 530 176 Qu.
548 146 598 171 1x.
614 144 639 171 4.
775 146 895 173 FEs'rI
910 146 1066 173 FRAGM.
1083 146 1108 172 E
1124 145 1215 173 coo.
1234 146 1356 172 ΜΒΝ.
1372 146 1409 173 L.
1425 146 1516 173 xm.
1660 145 1689 168 P.
1706 142 1757 168 154
1770 145 1809 169 Μ.

399 276 472 303 sus
496 264 558 302 est
571 263 617 302 in
632 276 682 302 ea
697 275 827 315 quam
843 261 948 302 dixit
966 261 1069 303 Cato
1085 262 1130 302 in
1148 267 1165 309 Τ
1183 262 1422 302 consulatu:
1450 261 1751 302 Ridibundum

399 339 702 391 magistratum
756 351 911 390 genere
964 343 981 384 ’γ
1034 338 1246 391 pauculos
1299 338 1522 384 homines,
1589 337 1749 379 medio·

399 415 608 455 criculum
632 415 867 455 exercitum
902 414 1077 456 obvium
1112 414 1223 455 duci.
1287 411 1306 469 ΙΙ
1339 414 1499 455 Mutini
1530 413 1661 454 Titini
1688 428 1751 455 sa-

401 492 560 532 cellum
593 490 675 531 fuit
708 490 752 531 in
784 490 912 540 Velis,
948 489 1179 531 adversum
1213 492 1385 531 mutum
1408 496 1425 538 †
1450 490 1753 531 Mustellinum

348 587 362 609 5
398 571 442 609 in
516 568 617 621 angi
641 599 786 609 .....
867 567 917 607 de
981 581 1065 621 quo
1128 569 1212 608 aris
1280 567 1464 608 sublatis
1530 567 1754 608 balnearia

399 646 501 685 sunt
551 646 678 685 ‚acta
724 644 879 684 domus
917 644 998 685 CN.
1037 643 1074 683 D
1103 676 1249 685 .....
1289 643 1466 692 Calvini,
1492 656 1589 683 cun]
1627 656 1749 684 man-

400 721 523 761 sisset
580 721 633 760 ab
683 720 789 760 urbe
827 719 1001 760 condita
1059 753 1067 760 .
1133 753 1141 760 .
1206 753 1214 760 .
1280 719 1507 772 ncipatum
1572 719 1753 771 Augusti

1283 829 1291 837 .
1347 797 1387 836 et
1409 797 1556 836 sancte
1591 796 1753 836 cultum

1355 872 1633 913 manifestum
1676 875 1751 921 est,

331 964 365 988 10
401 984 410 992 .
474 984 483 991 .
548 983 556 990 .
621 983 630 990 .
695 983 703 991 .
770 984 777 991 .
841 983 849 990 .
915 983 923 990 .
988 983 996 990 .
1062 983 1070 990 .
1136 982 1144 990 .
1209 982 1218 990 .
1283 983 1291 990 .
1356 982 1364 990 .
1430 982 1438 990 .
1504 981 1512 989 .
1549 951 1692 990 extum
1712 951 1754 989 et

400 1027 703 1075 vicensimum,
728 1026 875 1067 dextra
897 1040 922 1064 v
985 1059 993 1067 .
1058 1059 1066 1067 .
1133 1059 1140 1067 .
1206 1060 1214 1067 .
1279 1059 1287 1066 .
1353 1059 1360 1067 .
1426 1060 1434 1067 .
1500 1059 1508 1067 .
1572 1026 1754 1067 ticulum

769 1102 843 1143 ubi
867 1105 908 1144 et
926 1103 1079 1144 colitur
1101 1104 1143 1143 et
1205 1136 1212 1143 .
1279 1135 1286 1143 .
1352 1136 1359 1142 .
1425 1136 1433 1143 .
1499 1136 1507 1143 .
1573 1135 1581 1143 .
1643 1102 1684 1142 in
1712 1116 1751 1143 e-

771 1213 779 1220 .
824 1179 898 1220 ula
941 1213 949 1221 .
1013 1185 1030 1227 †
1093 1176 1365 1234 ”Matronae
1426 1212 1434 1219 .
1499 1213 1507 1220 .
1573 1212 1581 1220 .
1646 1212 1655 1220 .
1679 1179 1753 1220 tib.

403 1271 494 1297 non
518 1270 743 1297 summove
822 1289 830 1296 .
896 1290 904 1296 .
969 1290 977 1296 .
1043 1289 1051 1296 .
1117 1289 1124 1296 .
1190 1289 1198 1296 .
1264 1289 1272 1296 .
1337 1289 1345 1296 .
1411 1289 1418 1296 .
1485 1289 1492 1296 .
1559 1289 1566 1297 .
1632 1257 1752 1296 ctari-

338 1355 367 1378 15
405 1348 455 1374 ve
508 1332 781 1383 viderentur,
814 1346 924 1372 neve
977 1345 1053 1385 gra

406 1424 538 1464 quam
572 1442 581 1450 .
645 1443 654 1450 .
720 1443 728 1450 .
805 1423 930 1450 usam
961 1409 1022 1449 ait
1043 1409 1219 1449 Verrius
1263 1442 1271 1449 .
1337 1442 1345 1449 .
1411 1442 1418 1449 .
1485 1442 1492 1449 .
1558 1442 1566 1450 .
1632 1443 1640 1450 .
1693 1423 1754 1450 se-

406 1487 557 1528 dentes
592 1500 690 1527 cun]
725 1486 931 1526 uxoribus
967 1484 1016 1525 de
1053 1498 1232 1538 essequo
1267 1495 1282 1532 †
1317 1499 1442 1525 escen
1479 1519 1487 1526 .
1553 1519 1561 1527 .
1627 1519 1634 1527 .
1689 1488 1755 1525 tos

407 1578 432 1605 a
479 1562 829 1616 magistratibus,
891 1561 1008 1615 quod
1056 1562 1279 1602 communi
1337 1561 1534 1602 vehiculo
1587 1562 1758 1603 vehitur

406 1641 469 1680 vir
492 1643 533 1680 et
555 1653 674 1680 uxor.
815 1636 833 1693 ΙΙ
858 1638 1069 1678 Minuitur
1090 1639 1253 1692 populo
1277 1639 1420 1678 luctus
1454 1638 1556 1679 aedis
1588 1639 1756 1679 dedica-

336 1735 370 1758 21»
404 1718 535 1767 tione,
565 1731 663 1758 cum
692 1716 900 1758 Censores
928 1716 1116 1757 lustrum
1146 1715 1444 1761 condiderunt,
1478 1730 1575 1756 cum
1609 1718 1757 1757 votum

406 1794 581 1848 publice
605 1794 855 1846 susceptum
878 1793 1081 1833 solvitur:
1104 1793 1282 1846 privatis
1319 1794 1478 1842 autem,
1514 1806 1612 1833 cum
1633 1793 1759 1833 liberi

408 1872 499 1912 nati
535 1873 648 1918 sunt,
674 1884 772 1910 cum
806 1870 946 1911 honos
980 1871 1026 1909 in
1061 1870 1226 1910 familia
1259 1875 1276 1917 {r
1309 1870 1438 1918 venit,
1472 1883 1567 1910 cum
1602 1883 1758 1924 parens

409 1950 484 1989 aut
504 1947 640 1996 liberi,
661 1949 734 1988 aut
756 1946 834 1996 Vir,
858 1949 932 1987 aut
954 1946 1083 1987 frater
1105 1946 1158 1987 ab
1182 1946 1327 1986 hostes
1351 1951 1368 1993 *Γ
1392 1948 1542 1999 captus
1579 1945 1758 1986 domum

406 2024 529 2072 redit,
549 2037 646 2064 cum
663 2022 883 2076 desponsa
901 2024 975 2071 est,
992 2036 1089 2062 cum
1112 2022 1331 2075 propriore
1350 2027 1366 2069 ’,Γ
1386 2023 1480 2075 quis
1503 2022 1758 2075 cognatione

339 2124 372 2146 2⁷»
409 2114 539 2154 quam
553 2099 622 2140 his
652 2132 661 2148 ,
678 2100 750 2153 qui
764 2099 946 2152 lugetur,
964 2101 1094 2139 natus
1112 2101 1187 2147 est,
1201 2112 1298 2139 cum
1311 2099 1355 2138 in
1371 2101 1487 2139 casto
1501 2099 1666 2140 Cereris
1682 2101 1757 2147 est,

410 2174 614 2229 omnique
689 2175 969 2227 gratulationi
984 2181 1013 2221 ψ.
1167 2172 1185 2230 Η
1224 2174 1423 2215 Maximae
1497 2174 1760 2227 dignationis

409 2254 589 2294 Flamen
604 2253 739 2294 Dialis
754 2255 815 2293 est
830 2254 941 2292 inter
957 2252 1204 2305 quindecim
1219 2252 1458 2300 alamineffl,
1475 2254 1514 2291 et
1530 2265 1628 2291 cun]
1651 2253 1759 2292 cete-

409 2345 456 2371 ra
497 2336 514 2377 †
575 2330 826 2370 discrimina
898 2329 1133 2369 maiestatis
1196 2343 1281 2368 suae
1360 2328 1571 2378 habeant,
1634 2328 1761 2368 mini-

409 2407 469 2447 nii
502 2407 751 2453 mmmm-1*
804 2406 1099 2451 Pomonialis†
1152 2405 1264 2457 quod
1307 2405 1503 2445 Pomona
1545 2404 1760 2445 levissimo

339 2502 374 2524 30
408 2484 567 2524 fructui
601 2496 801 2535 agrorum
836 2481 1037 2535 praesidet
1067 2482 1218 2535 pomis.
1328 2478 1346 2535 ΙΙ
1382 2480 1586 2526 Mundus.
1622 2482 1670 2520 ut
1703 2480 1762 2520 ait

411 2560 561 2612 Capito
608 2559 751 2598 Ateius
794 2558 840 2598 in
896 2558 936 2599 .l.
992 2558 1061 2598 VI.
1116 2557 1388 2605 Pontificali,
1442 2558 1508 2596 ter
1553 2557 1598 2596 in
1642 2569 1757 2597 anno

412 2638 557 2689 patero
617 2635 734 2682 solet,
799 2635 947 2674 diebus
1013 2633 1104 2674 his:
1162 2632 1367 2686 postridie
1435 2633 1691 2683 Volkanalie
1743 2639 1758 2679 ψ

412 2713 564 2759 tante†
599 2710 713 2751 diem
752 2711 823 2752 VI.
849 2710 910 2752 Id,
934 2711 1061 2752 Nov.:
1099 2710 1171 2764 qui
1205 2709 1305 2763 quid
1329 2711 1389 2750 ita
1426 2709 1592 2749 dicatur
1615 2709 1673 2749 sic
1696 2723 1759 2750 re-
