2072 3222
344 135 429 175 290
491 148 549 178 QU-
564 148 615 172 XI·
634 146 679 171 32.
781 148 903 176 FESTI
916 149 1072 177 FRAGM.
1088 149 1114 176 E
1131 150 1223 177 con.
1239 150 1364 178 FARN.
1378 151 1417 177 L.
1433 151 1498 178 xv.
1667 151 1697 175 P.
1719 149 1772 175 230
1791 152 1830 176 M.

352 975 385 998 10

352 1351 384 1375 15

350 1741 367 1764 2
372 1741 387 1763 υ

353 2505 370 2527 :3
375 2504 388 2527 ι]

415 264 633 317 gistratus.
690 277 761 305 eas
817 265 933 305 enim
975 264 1198 306 faciendas
1241 269 1506 307 curaverunt
1547 267 1605 308 M.
1650 267 1770 307 Iuni-

415 354 465 380 us
518 340 690 387 Brutus,
748 340 797 390 Q.
855 339 1020 393 Oppius
1063 340 1236 382 Aediles
1278 342 1338 394 pl.
1383 340 1552 397 HPlexa
1595 342 1770 396 colliga-

416 420 459 457 ta
501 416 716 469 significat
758 430 808 457 ex
852 415 1032 466 Graeco,
1076 419 1145 457 cui
1187 431 1267 458 nos
1312 419 1445 458 etiam
1488 419 1772 473 praepositio-

416 506 519 533 nem
582 492 808 543 adicimus,
873 506 974 533 cum
1032 492 1219 534 dicimus
1277 494 1495 548 perplexa.
1556 492 1773 550 ”Plentur

417 571 586 622 antiqui
681 569 813 610 etiam
903 569 996 610 sine
1078 571 1475 623 praepositionibus
1558 571 1770 612 dicebant.

418 643 437 700 ΙΙ
464 645 592 686 Plera
647 645 805 686 dixisse
861 645 1066 699 antiquos
1097 646 1217 686 testis
1270 648 1334 686 est
1385 646 1572 686 Pacuius
1586 652 1618 695 †,
1673 660 1771 686 cum

416 721 500 763 ait:
572 722 719 775 «plera
783 735 884 775 pars
948 722 1293 775 pessumdatur.»
1365 719 1631 777 ”Ploxinum
1697 737 1769 776 ap-

416 797 569 850 pellari
633 798 694 838 ait
759 796 954 838 Catullus
1020 811 1199 851 capsum
1264 799 1308 838 in
1373 799 1475 839 cisio
1560 805 1773 851 capsave†

417 887 514 914 cum
580 873 709 914 dixit:
782 874 1005 927 «gingiuas
1069 888 1167 914 vero
1242 874 1453 927 ploxint³s
1517 875 1650 916 habet
1702 889 1770 916 ve-

417 951 557 992 teris.»
645 948 664 1006 ΙΙ
680 951 869 1001 Plorare,
952 950 1065 999 fiere,
1148 951 1414 998 inclamarew}
1494 965 1613 992 nunc
1690 952 1771 1004 sig-

418 1027 579 1075 nificat,
646 1030 689 1068 et
752 1041 852 1068 cum
916 1028 1240 1081 praepositione
1306 1027 1541 1080 inplorare,
1614 1027 1655 1068 id
1709 1030 1774 1068 est

418 1105 617 1145 invocare
635 1120 643 1144 :
749 1106 792 1143 at
894 1103 1009 1157 apud
1107 1104 1312 1157 antiquos
1409 1105 1539 1157 pla-ne
1637 1104 1770 1144 incla-

418 1194 551 1221 mare.
607 1179 654 1220 in
698 1182 811 1232 regis
853 1180 1030 1220 Romuli
1074 1181 1116 1220 et
1158 1180 1302 1227 Latii†
1344 1180 1537 1233 legibus:
1589 1181 1648 1219 «si
1691 1193 1770 1219 nu-

418 1262 521 1304 rus†
575 1270 697 1298 sacra
753 1255 862 1296 divis
916 1259 1150 1309 parentum
1205 1256 1366 1297 estod.»
1422 1258 1468 1296 in
1511 1256 1631 1297 Servi
1673 1256 1771 1296 Tul—

419 1333 449 1372 li
494 1333 601 1373 haec
656 1335 744 1373 est:
805 1334 865 1373 «si
916 1335 1143 1386 parentem
1198 1346 1309 1386 puer
1360 1333 1640 1379 verber-itas†
1694 1333 1772 1373 tol-

419 1410 498 1454 le†
563 1410 712 1462 ploras
736 1415 753 1455 l·
808 1409 861 1449 sit
875 1414 905 1457 †,
961 1414 1125 1462 paren†
1178 1422 1288 1461 puer
1360 1409 1469 1449 divis
1540 1411 1775 1462 parentum

419 1500 538 1527 sacer
574 1488 703 1526 esto.»
744 1485 788 1525 id
824 1488 887 1526 est
922 1486 1160 1533 clamarit&
1186 1485 1270 1525 dix.
1336 1519 1345 1526 .
1412 1518 1421 1526 .
1485 1518 1493 1525 .
1558 1483 1774 1540 ssPedulla

420 1577 531 1616 quae
575 1561 758 1603 dicimus
801 1567 913 1609 nca·†
977 1594 985 1602 .
1052 1594 1058 1600 .
1126 1594 1133 1600 .
1199 1561 1388 1603 Graecos
1427 1562 1645 1615 appellare
1683 1574 1772 1601 ma-

419 1639 624 1680 nifestum
707 1641 785 1679 est.
883 1636 901 1693 ΙΙ
916 1638 1072 1680 Pacem
1169 1652 1193 1678 a
1275 1639 1475 1691 pactione
1559 1638 1772 1679 condicio-

420 1730 529 1756 num
584 1718 707 1768 putat
763 1715 922 1756 dictam
977 1714 1155 1755 Sinnius
1211 1714 1379 1768 Capito,
1435 1728 1546 1768 quae
1601 1713 1774 1767 utrique

421 1793 534 1833 inter
592 1806 635 1832 se
690 1792 856 1845 populo
910 1792 963 1831 sit
1016 1791 1300 1832 observanda.
1356 1789 1553 1846 ssPenem
1606 1791 1773 1844 antiqui

422 1869 577 1910 codam
659 1869 885 1910 vocabant.
969 1882 994 1909 a
1077 1882 1163 1921 qua
1243 1869 1547 1921 antiquitatem
1601 1873 1618 1914 †
1645 1868 1773 1908 etiam

421 1960 540 1986 nunc
605 1945 690 1986 offa
753 1945 933 1998 porcina
998 1959 1098 1986 cum
1163 1944 1300 1986 cauda
1363 1947 1409 1984 in
1472 1945 1589 1985 cenis
1653 1946 1774 1997 puris

422 2021 505 2063 offa
576 2024 727 2075 penita
799 2023 990 2062 vocatur.
1063 2025 1103 2062 et
1175 2021 1381 2074 peniculi.
1452 2021 1547 2073 quis
1620 2020 1772 2061 calcia-

351 2117 368 2141 2
422 2102 571 2140 menta
634 2100 873 2151 tergentur,
939 2097 1054 2151 quod
1119 2112 1140 2138 e
1207 2097 1323 2138 codis
1377 2097 1592 2143 extremi†
1648 2096 1773 2137 facie-

423 2176 526 2217 bant
578 2174 748 2228 antiqui
802 2175 877 2228 qui
928 2176 1128 2225 tergent³s
1180 2188 1242 2214 ea.
1297 2173 1436 2213 dictus
1488 2175 1551 2213 est
1591 2174 1773 2213 forsitan

424 2266 448 2291 a
511 2250 758 2304 pendendo.
825 2251 1025 2301 Neutus†
1094 2250 1138 2290 in
1190 2249 1496 2290 Tunicularia:
1557 2247 1773 2289 «Theodo-

423 2332 515 2368 tum
583 2328 817 2381 compellas
838 2333 871 2376 †,
942 2327 1017 2380 qui
1084 2340 1180 2367 aras
1245 2326 1555 2378 compitalibus
1619 2325 1774 2365 sedens

423 2404 465 2444 in
551 2404 659 2444 cella
750 2404 1115 2449 circumtectuas†
1201 2403 1413 2454 tegetibus
1495 2401 1627 2442 Lares
1709 2400 1773 2440 lu-

423 2480 563 2521 dentis
656 2480 759 2533 peni
841 2480 982 2533 pinxit
1063 2479 1270 2520 bubulo.»
1359 2477 1574 2530 significat
1654 2476 1773 2529 peni-

426 2558 522 2598 culo
566 2556 734 2609 grandi,
768 2555 811 2596 id
865 2558 930 2596 est
973 2555 1092 2596 coda.
1166 2552 1185 2609 ΙΙ
1212 2554 1395 2608 Propius
1438 2553 1616 2594 sobrino
1669 2550 1777 2594 mihi

423 2637 488 2675 est
541 2633 791 2674 consobrini
854 2633 940 2672 mei
1003 2632 1117 2672 filius
1194 2633 1235 2671 et
1299 2629 1582 2671 consobrinae
1652 2642 1774 2670 meae

424 2709 548 2750 filim
636 2712 676 2750 et
757 2709 890 2762 patris
972 2708 1057 2748 mei
1139 2706 1423 2747 consobrinus
1506 2709 1547 2746 et
1626 2705 1776 2745 matris
