2072 3222
319 146 406 187 478
468 158 526 188 QU.
548 157 623 183 x1v.
643 156 687 184 30.
731 158 852 187 FESTI
867 158 1024 187 FRAGM.
1040 157 1067 185 E
1081 157 1175 187 col).
1188 158 1311 187 FARN.
1327 158 1365 187 L.
1384 157 1503 187 xvm.
1643 159 1675 183 P.
1694 156 1747 183 325
1765 158 1805 183 M.

322 981 359 1007 10

323 1359 359 1384 15

323 1746 361 1772 20

324 2132 360 2158 25

327 2507 365 2532 80

534 273 712 323 bonam,
787 276 828 315 et
890 274 1053 315 malam

532 353 579 392 in
670 350 787 392 mala
886 364 1000 405 pone
1064 383 1074 393 .
1137 384 1145 393 .

534 430 640 482 aput
724 433 931 481 grecos†
999 426 1030 469 G
1063 460 1073 469 .

533 520 612 560 pro
687 504 863 546 sinistro
926 517 997 545 sea
1061 536 1070 546 .

533 585 620 624 tius
680 583 727 622 in
790 580 894 622 belli
939 580 999 621 Hi
1062 614 1070 623 .

534 659 686 701 sentih:
800 672 911 699 scaev

535 730 650 772 obit:
743 728 917 783 penitus

533 820 672 860 genus
740 805 916 860 pessimi
982 805 1071 859 pi.

535 883 760 938 signifieat,
854 896 875 923 ο
915 916 924 924 .

534 959 741 1014 saperdae,
835 973 888 1000 ou

537 1034 554 1091 ss
579 1035 875 1077 Sanderaeam

535 1112 649 1165 quod
712 1112 881 1159 (ἂϊεεοίήι
949 1125 995 1154 sa
1059 1146 1068 1154 .

534 1189 707 1230 Naevius
726 1206 734 1228 :
840 1202 986 1230 «meru

536 1263 554 1321 ΙΙ
584 1265 761 1307 «Sabini
869 1264 986 1319 quod

534 1342 812 1397 proverbium
906 1357 927 1383 e
991 1375 1000 1384 .

536 1419 716 1461 Sinnius
806 1419 956 1473 Capito

535 1495 681 1537 ficium
771 1498 924 1549 propte

536 1573 748 1615 Sabinum
852 1576 927 1619 affl
990 1607 999 1615 ,

535 1663 641 1692 nam
733 1649 847 1697 his†
909 1662 984 1704 pro

535 1741 646 1768 rum.
733 1726 927 1783 idemque
990 1760 999 1768 .

535 1803 794 1845 facientibus

535 1881 579 1921 in
647 1880 793 1934 quiete
886 1879 929 1920 vi
991 1911 1000 1920 .

535 1957 604 1998 fici
693 1956 912 2010 religione.

535 2035 582 2074 in
645 2033 926 2087 proverbium
991 2064 999 2073 .

537 2111 701 2152 vellent
771 2124 899 2151 somn

537 2190 671 2229 tatem
733 2185 914 2227 bibendi
1006 2199 1032 2239 q
1067 2218 1076 2227 .

537 2264 580 2304 id
642 2264 862 2304 somnium
925 2276 1002 2316 cap
1065 2295 1074 2303 .

538 2339 648 2380 illud
712 2352 910 2392 quoque:
964 2351 1075 2380 anus
1139 2370 1147 2378 .

539 2417 646 2457 niat.
711 2416 797 2456 fere
865 2415 985 2456 enim
1050 2428 1134 2468 quo

542 2493 690 2533 animo
758 2491 991 2533 volvimus.

538 2582 688 2622 parere
727 2569 850 2609 solet.
914 2566 932 2623 ΙΙ
957 2566 1186 2610 Sam-buca
1213 2599 1222 2608 .

538 2658 691 2697 genus,
755 2658 779 2685 a
841 2657 927 2698 quo
974 2643 1136 2696 Samby

540 2720 754 2760 dicuntur.
816 2733 893 2773 per
953 2719 1135 2760 similitu

540 2808 636 2836 eam
688 2796 940 2837 maehina-n]
994 2797 1171 2849 appella
1212 2829 1220 2836 .

1284 690 1301 770 ν.
1358 691 1374 769 ·.
1420 691 1440 783 {i
1462 690 1663 786 Scipeida.
