2072 3222
292 160 375 200 219
437 171 494 200 ου.
509 170 543 196 X.
558 168 585 195 5.
720 171 840 199 FEsTI
854 170 1010 198 FRAGM.
1025 171 1079 198 Ex
1093 171 1242 198 APOGR.
1256 171 1295 198 L.
1310 171 1392 198 XIV.
1617 170 1647 194 Ρ.
1664 167 1715 193 189
1727 169 1769 195 Μ.

289 986 323 1010 lo

288 1376 320 1400 15

285 1754 319 1777 20

283 2140 318 2165 25

283 2516 317 2539 30

360 288 474 328 trina
527 286 789 340 contigerint
833 287 1003 327 nomini
1046 286 1264 327 Romano.
1308 298 1410 335 una,
1461 299 1556 339 quae
1620 287 1705 326 Ro-

360 364 506 404 mulus
539 363 589 403 de
622 364 791 404 Acrone
804 378 814 411 3
862 361 1010 412 altera,
1069 375 1164 415 quae
1202 360 1368 403 Consul
1412 360 1572 402 Cossus
1606 360 1706 403 Cor-

360 439 500 480 nelius
560 439 611 480 de
678 438 912 481 Tolumnio
932 453 941 486 3
1001 437 1138 487 tertia,
1203 451 1296 492 quae
1360 438 1418 480 M.
1480 437 1710 478 Marcellus

358 516 450 557 Iovi
496 514 687 556 Feretrio
734 514 786 556 de
830 513 1103 555 Viridomaro
1136 513 1334 556 fixerunt.
1387 513 1445 555 M.
1478 514 1615 555 Varro
1649 516 1709 556 ait

358 593 506 645 opima
529 591 670 645 spolia
694 605 800 640 esse,
836 591 967 632 etiam
1001 591 1037 631 si
1069 591 1358 644 manipularis
1381 591 1506 632 miles
1540 590 1708 632 detrax-

359 670 449 716 erit,
484 667 723 708 dummodo
757 666 857 708 duci
890 667 1080 708 hostium

358 835 445 863 non
490 821 576 861 sint
619 819 674 862 ad
720 820 856 861 aedem
904 819 1020 860 Iovis
1079 820 1245 861 Feretri
1291 819 1410 873 poni,
1457 819 1709 861 testimonio

359 911 449 938 esse
502 897 631 938 libros
683 895 971 945 Pontificum3
1036 897 1081 936 in
1135 896 1292 949 quibus
1345 896 1423 937 sit:
1485 895 1566 937 Pro
1618 896 1703 949 pri-

356 975 437 1015 mis
489 973 640 1026 spoliis
695 973 853 1014 bovem
882 978 926 1020 †,
981 986 1058 1025 pro
1119 971 1320 1013 secundis
1375 971 1704 1020 solitaurilibus,

356 1065 433 1104 pro
478 1050 612 1091 tertiis
664 1062 777 1102 agno
827 1050 1002 1102 publice
1050 1050 1142 1090 fieri
1195 1048 1373 1097 debere,
1428 1061 1520 1089 esse
1573 1047 1705 1089 etiam

357 1127 557 1180 compelli
604 1132 764 1179 regesss¹
809 1126 948 1178 legem
983 1127 1229 1179 opimorum
1274 1124 1514 1178 spoliorum
1545 1125 1704 1166 talem:

363 1204 514 1246 «Cuius
594 1202 789 1256 auspicio
868 1203 1004 1243 classe
1084 1203 1307 1255 procincta
1384 1202 1531 1254 opima
1607 1215 1708 1255 spo-

355 1281 415 1321 lia
467 1280 710 1333 capiuntur,
777 1279 867 1319 lovi
931 1279 1122 1320 Feretrio
1187 1277 1328 1319 darier
1392 1280 1602 1331 oporteat,
1665 1281 1705 1318 et

355 1356 509 1396 bovem
562 1355 725 1403 credito,
767 1355 840 1408 qui
876 1356 989 1407 cepit
1028 1355 1122 1395 zeris
1167 1353 1233 1395 CC
1248 1359 1277 1394 js.
1327 1353 1518 1395 secunda
1550 1353 1703 1407 spolia,

355 1434 401 1472 in
509 1431 659 1472 Martis
752 1435 910 1476 ai’am†
987 1444 1138 1483 campo
1246 1430 1502 1471 solitaurilia
1608 1432 1703 1471 utra

355 1509 540 1550 voluerit
591 1507 757 1548 caedito
780 1513 809 1549 4.
875 1509 1000 1548 tertia
1048 1507 1198 1560 spolia,
1253 1506 1377 1547 Ianui
1425 1506 1604 1558 Quirino
1659 1520 1701 1547 a—

355 1600 488 1639 gnum
552 1598 717 1625 marem
779 1583 942 1629 caedito,
1023 1582 1066 1624 C.
1132 1584 1205 1636 qui
1268 1584 1426 1636 ceperit
1488 1597 1537 1624 ex
1620 1596 1705 1623 aere

356 1661 469 1703 dato.
533 1661 653 1701 cuius
729 1660 920 1713 auspicio
984 1662 1132 1712 capta,
1209 1659 1272 1700 slis
1346 1660 1565 1712 piaculum
1629 1659 1700 1701 da-

354 1741 413 1778 to.
449 1737 616 1783 jshuius
641 1736 758 1777 aedis
790 1736 856 1777 lex
879 1736 1002 1776 nulla
1037 1739 1172 1784 extat,
1207 1749 1349 1788 neque
1382 1736 1596 1788 templum
1627 1735 1683 1776 ha

355 1814 468 1863 beat,
502 1826 643 1866 neque
678 1823 694 1859 †
726 1813 870 1853 scitur.
1009 1809 1026 1867 ΙΙ
1056 1811 1137 1853 «Ut
1180 1813 1251 1865 qui
1285 1811 1451 1864 optima
1483 1812 1578 1864 lege
1611 1811 1701 1852 fue-

354 1891 466 1931 rint»
552 1889 663 1930 adici
746 1889 883 1938 solet,
983 1901 1079 1928 cum
1164 1888 1342 1941 quidam
1424 1888 1702 1940 magistratus

356 1968 554 2006 creantur

355 2040 374 2097 ΙΙ
398 2042 589 2083 Obscum
637 2042 744 2083 duas
797 2041 986 2082 diversas
1041 2045 1082 2081 et
1134 2040 1370 2081 contrarias
1425 2040 1700 2093 significati05

353 2132 428 2160 nes
481 2118 624 2159 habet.
679 2132 782 2158 nam
845 2117 1040 2158 Cloatius
1092 2119 1216 2170 putat
1267 2130 1317 2157 eo
1381 2116 1593 2157 vocabulo
1647 2118 1700 2156 si-

352 2194 549 2247 gnificari
583 2208 766 2244 sacrum,
802 2208 886 2247 quo
934 2195 1063 2234 etiam
1110 2194 1225 2246 leges
1281 2199 1449 2234 sacrae†
1484 2193 1702 2240 obscatae†

353 2271 563 2312 dicantur.
608 2273 649 2311 et
691 2272 736 2310 in
790 2270 995 2311 omnibus
1048 2271 1134 2311 fere
1189 2269 1381 2322 antiquis
1435 2271 1700 2309 commenta·

351 2347 426 2387 riis
459 2347 662 2387 scribitur
685 2345 869 2399 Opicum
902 2359 980 2398 pro
1013 2345 1166 2393 Obsco,
1191 2348 1238 2385 ut
1259 2345 1304 2385 in
1340 2344 1529 2389 Titiani†
1552 2344 1700 2384 fabula

353 2423 559 2476 quintat:
602 2423 706 2473 «Qui
743 2422 876 2463 Obsce
913 2426 953 2463 et
987 2422 1140 2463 Volsce
1165 2421 1432 2470 fabulantur,
1468 2434 1572 2461 nam
1604 2421 1698 2461 lati-

351 2512 405 2539 ne
458 2499 694 2539 nesciunt.»
755 2512 779 2538 a
831 2511 916 2551 quo
971 2500 1098 2538 etiam
1153 2497 1284 2538 verba
1345 2496 1616 2550 impudentia
1658 2510 1698 2536 e-

353 2575 443 2615 lata
487 2575 769 2627 appellantur
814 2574 1014 2622 obscena,
1064 2573 1165 2626 quia
1199 2572 1576 2626 frequentissimus
1618 2571 1699 2611 fuit

353 2664 454 2690 usus
532 2649 653 2691 Oscis
731 2650 960 2690 libidinum
1038 2662 1307 2702 spurcarum.
1387 2647 1468 2689 Sed
1546 2647 1697 2688 eodem

354 2728 482 2767 etiam
545 2727 725 2767 nomine
789 2725 1035 2779 appellatur
1088 2725 1209 2765 locus
1260 2726 1305 2764 in
1360 2737 1462 2776 agro
1516 2723 1702 2767 Veienti,
