2072 3222
306 135 392 177 484
454 149 512 179 QU.
532 149 593 174 xv,
614 147 639 173 1.
702 149 823 177 FESTI
837 149 994 177 FRAGM.
1010 149 1036 176 E
1055 149 1147 178 con.
1162 149 1286 177 ΜΒΝ.
1301 149 1340 176 L.
1354 149 1472 177 xvm.
1622 149 1651 173 P.
1671 147 1724 174 329
1744 149 1791 173 Μ,

304 965 338 990 10

303 1354 336 1378 15

301 1728 339 1753 20

300 2121 335 2147 25

295 2497 332 2522 80

376 279 479 307 men
560 264 773 307 Polemon
835 266 895 306 ait
957 264 1129 306 Arcada
1191 265 1440 318 quendam†
1500 265 1646 315 fuisse,
1710 279 1787 307 no-

375 342 492 382 mine
545 340 725 392 Salium,
771 355 902 395 quem
936 344 1107 383 Aeneas
1161 355 1186 383 a
1237 341 1464 383 Mantinea
1514 341 1560 382 in
1613 342 1786 383 Italiam

376 417 613 468 deduxerit,
676 420 750 472 qui
833 418 1012 459 iuvenes
1089 418 1263 459 Italicos
1326 417 1638 465 εΞΝΟΠΑΙΟΝπζι
1702 418 1785 459 sal-

374 494 584 535 tationem
674 494 884 536 docuerit.
1011 495 1066 534 At
1159 493 1373 535 Critolaus
1457 492 1646 535 Saonem
1738 507 1789 534 ex

373 569 667 619 Samothrace,
732 584 832 610 cum
901 573 1048 611 Aenea
1113 569 1216 611 deos
1277 570 1462 611 Penates
1524 571 1598 623 qui
1659 569 1784 611 Lavi—

374 649 499 688 nium
620 647 902 696 transtulerit,
1046 647 1200 688 saliare
1342 660 1478 699 genus
1597 646 1787 687 saltandi

374 723 624 765 instituisse.
659 737 683 764 a
716 737 801 777 quo
855 723 1098 778 appellatos
1144 723 1299 772 Salios,
1343 723 1501 777 quibus
1534 737 1612 776 per
1644 722 1787 764 omnis

374 799 478 848 dies,
530 799 795 853 ubicumque
856 802 1051 848 manent,
1112 801 1214 852 quia
1258 799 1414 852 amplae
1446 801 1676 852 ponuntur
1721 811 1787 839 ce-

373 889 432 917 na
450 882 484 925 Js,
552 876 685 929 siquae
749 876 843 917 aliae
901 889 1070 928 magnae
1125 875 1230 916 dum
1266 881 1300 924 †,
1375 876 1585 923 salla1·es†
1637 875 1785 929 appel-

371 952 531 994 lantur.
611 950 629 1008 ΙΙ
653 952 862 994 Salmacis
928 952 1107 993 nomine
1164 951 1360 1005 nympha
1434 951 1525 1003 Geli
1589 954 1629 993 et
1689 952 1795 994 Ter-v

372 1042 429 1069 1*ae
490 1028 581 1070 filia
662 1028 796 1069 fertur
878 1042 1008 1070 causa
1090 1028 1223 1069 fontis
1305 1028 1581 1070 Halicarnasi
1663 1042 1782 1082 aquae

370 1104 641 1159 appellandae
706 1104 837 1146 fuisse
912 1103 1124 1145 Salacidis
1143 1110 1174 1154 ἦ,
1238 1117 1371 1158 quam
1435 1105 1507 1158 qui
1583 1105 1773 1154 bibisset,

372 1181 474 1222 vitio
537 1181 804 1235 inpudicitiae
868 1181 1157 1222 mollesceret.
1214 1182 1268 1222 ob
1321 1195 1417 1222 eam
1491 1195 1597 1231 rem,
1659 1187 1778 1235 que†

372 1258 453 1305 id†
510 1259 600 1299 eius
665 1257 807 1299 aditus
873 1260 1133 1311 angustatus
1196 1258 1447 1312 parietibus,
1512 1258 1786 1299 occasionem

371 1335 554 1388 largitur
658 1335 888 1376 iuvenibus
1011 1335 1311 1389 petulantibus
1433 1334 1784 1376 antecedentium

370 1425 622 1465 puerorum,
684 1412 1020 1465 puellarumque
1098 1411 1475 1461 xitolandar11m†,
1539 1411 1640 1465 quia
1691 1425 1782 1452 non

368 1491 572 1542 pate...
620 1489 800 1542 fugium.
845 1487 1038 1529 Ennius:
1110 1488 1403 1529 «Salmaeidas
1467 1488 1644 1541 polla†
1691 1488 1784 1528 sine

367 1565 594 1617 sanguine,
661 1568 701 1606 et
763 1565 959 1606 sudore.»
1114 1562 1132 1619 Η
1157 1563 1295 1605 Salias
1378 1564 1563 1617 virgines
1648 1563 1786 1606 Cinci-

371 1655 420 1682 us
483 1641 541 1682 ait
604 1655 694 1682 esse
765 1640 1070 1691 conducticias,
1134 1655 1228 1694 quae
1290 1641 1343 1682 ad
1407 1641 1546 1682 Salios
1609 1640 1791 1681 adhibe-⁷

371 1719 499 1758 antur
561 1731 660 1758 cum
722 1717 917 1771 apicibus
992 1718 1231 1771 paludatas,
1297 1731 1403 1771 quas
1466 1717 1612 1758 Aelius
1678 1716 1784 1758 Stilo

367 1793 537 1834 scribsit
622 1793 883 1835 sacrificium
966 1795 1104 1835 facere
1167 1794 1212 1834 in
1285 1794 1420 1846 Regia
1475 1807 1573 1834 cum
1635 1792 1782 1833 Ponti-

368 1870 445 1910 fice
507 1870 739 1924 paludatas
803 1884 902 1911 cum
968 1871 1160 1924 apicibus
1204 1871 1249 1911 in
1302 1870 1483 1911 modum
1546 1869 1782 1911 Saliorum.

372 1944 389 2002 ΙΙ
408 1946 630 2000 Spondere
714 1946 890 1987 Verrius
973 1950 1096 2000 putat
1177 1946 1352 1997 dictum,
1436 1946 1552 2000 quod
1626 1949 1781 2000 sponte

371 2036 463 2072 sua,
545 2022 588 2063 id
671 2026 734 2064 est
851 2024 1089 2072 voluntate,
1222 2024 1513 2077 promittatur.
1627 2022 1782 2063 deinde

372 2098 529 2139 oblitus
630 2099 831 2140 inferiore
934 2100 1070 2153 capite
1154 2113 1366 2152 sponsum
1452 2102 1492 2140 et
1573 2112 1780 2152 sponsam

370 2188 420 2216 ex
504 2176 653 2218 Graeco
738 2176 895 2217 dictam
960 2177 1030 2225 ait,
1119 2175 1231 2229 quod
1307 2174 1343 2231 ..Ι
1400 2176 1572 2222 σπονδὰς
1652 2175 1781 2215 inter-

368 2252 521 2305 positis
602 2253 731 2293 rebus
814 2251 970 2292 divinis
1052 2253 1224 2294 faciant.
1351 2250 1369 2307 ΙΙ
1393 2251 1581 2292 Salicem
1664 2251 1779 2292 idem

368 2329 541 2381 virgulti
621 2342 770 2382 genus
863 2342 955 2370 non
1038 2329 1202 2370 arboris
1286 2329 1402 2378 dicit,
1483 2332 1525 2369 et
1624 2328 1776 2369 ridicu-

367 2405 452 2455 le†
499 2405 804 2459 interpretatur
847 2404 1022 2455 dictam,
1074 2405 1188 2458 quod
1237 2419 1286 2446 ea
1337 2405 1556 2446 celeritate
1600 2406 1773 2453 crescat,

367 2490 414 2522 ut
495 2482 619 2523 salire
702 2481 913 2522 videatur.
1017 2479 1035 2536 ΙΙ
1059 2480 1259 2522 Salinum
1341 2482 1385 2521 in
1467 2494 1617 2522 mensa
1699 2494 1777 2534 pro

367 2558 515 2610 aquali
578 2557 752 2599 solitum
817 2571 907 2598 esse
939 2558 1043 2611 poni
1078 2558 1137 2598 ait
1200 2572 1297 2598 cum
1340 2558 1513 2611 patella,
1578 2559 1681 2610 quia
1711 2557 1775 2597 ni-

367 2634 427 2674 hil
491 2633 609 2674 aliud
671 2635 725 2674 sit
816 2634 894 2682 sal,
989 2648 1119 2687 quam
1213 2647 1336 2687 aqua.
1482 2631 1501 2688 ΙΙ
1525 2633 1775 2675 Salentinos

369 2723 393 2750 a
453 2709 546 2750 salo
611 2709 758 2758 dictos,
793 2710 952 2759 Cretas,
988 2714 1027 2751 et
1060 2709 1245 2762 Illyrios,
1293 2710 1365 2763 qui
1427 2723 1523 2750 cum
1586 2709 1774 2750 Locren—

368 2785 486 2825 sibus
586 2787 827 2838 navigantes
928 2786 1180 2827 societatem
1262 2787 1454 2834 fecerint,
1538 2787 1628 2826 eius
1710 2798 1773 2824 rc>-
