2072 3222
274 149 362 189 404
413 161 470 190 or.
487 160 567 193 xm.
583 159 626 185 25
697 161 817 189 FESTI
833 161 989 188 FRAGM.
1005 161 1031 186 E
1046 161 1138 188 con.
1154 161 1330 195 FARN.„L.
1355 162 1473 189 xvm.
1605 162 1635 185 P.
1651 159 1704 186 ⁶289
1717 161 1758 186 M.

273 978 306 1002 10

272 1368 305 1391 15

268 1746 304 1770 20

268 2134 292 2158 ²5³

345 291 441 317 sum
507 291 532 318 a
595 276 812 318 stantibus
883 276 1021 330 pridie
1102 278 1358 330 nuptiarum
1441 277 1555 319 diem
1636 279 1759 330 virgi-

345 356 443 394 nis*
505 353 666 395 induta2
721 354 916 395 cubitum
968 353 1093 394 ibant
1142 354 1335 395 hominis
1389 368 1530 402 causa,
1583 358 1631 396 ut
1683 357 1758 395 eti-

345 444 416 470 am
487 431 533 470 in
600 432 709 483 togis
728 433 745 472 1
831 430 1030 471 virilibus
1112 431 1265 472 dandis
1347 432 1567 472 observari
1633 431 1758 472 solet.

345 506 362 562 Η
386 508 498 560 Rapi
570 508 800 548 simulatur
871 510 989 561 virgo
1063 523 1112 549 ex
1182 509 1346 560 gremio
1420 510 1594 549 matris:
1669 512 1760 558 aut,

343 585 376 623 si
431 598 479 624 ea
531 597 622 625 non
674 587 749 633 est,
816 598 865 624 ex
916 585 1114 638 proxima
1165 585 1500 634 necessitudine,
1554 599 1651 626 cum
1703 585 1755 626 ad

344 663 482 701 virum
522 661 753 710 traditum,
799 661 912 714 quod
950 662 1150 703 videlicet
1186 675 1237 702 ea
1272 675 1340 702 res
1378 661 1560 702 feliciter
1596 663 1758 703 Romu-

343 738 385 777 lo
456 739 594 779 cessit.
663 735 681 793 ΙΙ
704 739 817 791 Rapi
884 738 995 779 solet
1060 739 1142 787 faX,
1213 752 1298 792 qua
1362 739 1625 791 przelucente
1678 752 1757 779 no—

343 827 395 854 ra
460 817 599 866 nupta
663 813 846 855 deducta
913 817 990 864 est,
1044 815 1098 855 ab
1167 815 1363 867 utrisque
1378 821 1394 855 †
1464 816 1626 864 amicis,
1701 829 1757 855 ne

343 894 416 931 aut
484 904 592 931 uxor
659 905 756 931 eam
824 891 904 931 sub
974 891 1082 931 lecto
1150 893 1230 932 viri
1294 906 1344 932 ea
1410 894 1537 932 nocte
1604 894 1757 944 ponat,

342 970 415 1007 aut
497 968 560 1008 vir
641 967 686 1007 in
770 969 967 1021 sepulcro
1051 968 1380 1009 conburendam
1464 970 1595 1017 curet,
1671 981 1756 1021 quo

343 1047 523 1096 utroque
666 1058 781 1085 mors
922 1046 1168 1098 propinqua
1309 1046 1487 1086 alterius
1619 1045 1758 1085 utrius

343 1121 507 1174 captari
590 1123 780 1174 putatur.
888 1119 906 1176 ΙΙ
930 1121 1052 1163 Ritus
1139 1126 1201 1162 est
1285 1135 1379 1161 mos
1464 1121 1760 1174 conprobatus

342 1198 385 1237 in
558 1197 917 1239 administrandis
1086 1198 1318 1239 sacrificiis
1502 1195 1521 1252 ΙΙ
1543 1198 1760 1251 Receptus

343 1288 436 1315 mos
504 1278 581 1324 est,
647 1289 776 1328 quem
846 1289 923 1316 sua
985 1279 1143 1328 sponte
1209 1275 1354 1315 civitas
1420 1275 1613 1315 alienum
1683 1273 1755 1315 ad-

341 1351 475 1392 scivit.
558 1351 765 1404 Religiosi
832 1352 1044 1400 dicuntur,
1115 1352 1188 1404 qui
1255 1351 1565 1399 faciendarum,
1648 1364 1756 1404 prze-

340 1427 805 1481 termittendarumque
843 1442 988 1469 rerum
1027 1428 1273 1469 divinarum
1310 1427 1551 1468 secundum
1589 1440 1757 1468 morem

341 1506 524 1545 civitatis
619 1504 823 1546 dilectum
917 1505 1082 1546 habent
1174 1519 1253 1545 nec
1348 1519 1391 1545 se
1489 1503 1754 1558 superstitio-

340 1582 466 1621 nibus
589 1581 812 1634 inplicant.
938 1579 956 1637 ΙΙ
980 1582 1103 1622 Reno
1110 1581 1300 1622 vativum
1427 1581 1572 1634 fulgur
1683 1593 1755 1620 vo—

341 1659 474 1707 catur,
570 1672 667 1698 cum
762 1672 811 1698 ex
904 1658 1050 1710 aliquo
1144 1658 1313 1710 fulgure
1408 1657 1571 1697 functio
1663 1658 1756 1697 fieri

339 1735 480 1787 coepit,
584 1737 618 1775 si
716 1736 877 1775 factum
981 1737 1044 1775 est
1141 1735 1281 1775 simile
1375 1734 1532 1786 fulgur,
1638 1733 1757 1786 quod

339 1811 452 1851 idem
577 1812 799 1864 significet.
928 1809 946 1867 ΙΙ
969 1813 1133 1852 Referri
1258 1810 1372 1851 diem
1499 1809 1752 1863 prodictam,

340 1888 382 1928 id
485 1891 546 1929 est
652 1888 869 1938 anteferri,
984 1888 1235 1941 religiosum
1349 1890 1424 1936 est,
1538 1890 1584 1927 ut
1696 1889 1756 1927 ait

342 1965 549 2005 Veranius
616 1965 661 2004 in
729 1978 793 2016 eo,
875 1965 947 2018 qui
1012 1967 1074 2005 est
1140 1964 1433 2018 auspiciorum
1502 1964 1553 2004 de
1621 1964 1753 2004 comi-

338 2041 419 2091 tiis,
504 2041 634 2094 idque
721 2042 918 2095 exemplo
1003 2042 1240 2094 conprobat
1311 2040 1357 2081 L.
1432 2040 1515 2080 luli
1587 2041 1627 2080 et
1708 2039 1754 2080 P,

291 2136 302 2155 z
339 2118 474 2158 Licini
529 2118 780 2167 Censorum,
847 2118 921 2170 qui
974 2118 1016 2158 id
1067 2118 1249 2158 fecerint
1313 2118 1405 2157 sine
1469 2118 1557 2158 ullo
1612 2116 1752 2157 decre-

340 2198 382 2235 10
436 2195 677 2247 Augurum,
743 2199 784 2237 et
837 2196 890 2235 ob
942 2194 986 2235 id
1039 2194 1225 2235 lustrum
1287 2207 1443 2248 parum
1509 2194 1609 2233 felix
1661 2193 1752 2233 fue-

339 2274 406 2313 rit.
505 2270 524 2327 ΙΙ
547 2274 726 2324 Regalia
822 2276 917 2313 exta
1014 2272 1307 2325 appellantur,
1406 2285 1501 2324 quae
1598 2273 1751 2323 poten-

340 2349 454 2389 tibus
546 2351 818 2403 insperatum
916 2350 1129 2390 honorem
1224 2349 1488 2402 pollicentur
1503 2363 1510 2387 :
1610 2347 1751 2400 priva-

340 2427 393 2466 tis
496 2429 535 2466 et
636 2426 941 2466 humilioribus
1042 2426 1304 2466 hereditates
1318 2441 1328 2474 3
1436 2425 1526 2465 filio
1628 2424 1751 2465 fami-

338 2502 404 2542 liae
488 2502 847 2543 dominationem.
943 2500 961 2557 ΙΙ
985 2502 1213 2555 Respicere
1308 2504 1455 2542 autem
1538 2503 1611 2547 et†
1706 2500 1750 2540 in

340 2579 622 2631 auspicando,
715 2579 831 2619 unde
927 2579 1020 2631 quis
1103 2592 1226 2620 avem
1320 2578 1555 2632 prospexit,
1652 2590 1749 2616 cum

341 2654 493 2695 eodem
611 2655 848 2696 revertitur.
978 2653 995 2710 ΙΙ
1018 2655 1286 2707 Religiosum
1405 2668 1452 2695 ac
1579 2666 1751 2694 sacrum

341 2734 413 2779 est,
484 2733 533 2772 ut
599 2732 766 2784 templa
833 2732 995 2780 omnia,
1069 2734 1197 2784 atque
1266 2730 1390 2777 fedes,
1459 2745 1551 2783 quac
1620 2730 1749 2770 etiam

340 2810 515 2848 sac-ratze
589 2807 800 2848 dicuntur.
877 2807 961 2854 ad†
1051 2808 1164 2860 quod
1236 2821 1313 2860 per
1384 2822 1427 2847 se
1500 2806 1749 2858 religiosum
