2072 3222
338 137 393 178 42)
672 152 796 178 PAULI
822 151 1037 178 EXCERPTA
1056 151 1109 178 Ex
1134 152 1216 178 LIB.
1241 153 1364 179 POMP.
1388 151 1506 178 FESTI
1718 148 1817 173 59—61

339 267 575 318 Cognita
598 267 743 309 facilia
765 267 917 308 eadem
941 269 1109 308 ratione
1131 267 1296 317 dicitur,
1334 282 1418 321 qua
1439 268 1557 308 dictu
1583 267 1738 315 facilia,
1782 269 1824 307 et

399 340 623 391 perspectu
648 341 689 378 et
712 338 827 378 factu
850 338 1011 379 facilia.

339 407 743 458 Contagionem
769 421 861 448 esse
885 407 1134 456 dicendum,
1159 422 1249 448 non
1273 409 1538 461 contagium.

339 477 572 519 Clitessae
597 479 802 519 (licuntur
823 492 913 519 non
938 482 1111 519 tantum
1136 493 1208 527 eae,
1247 479 1404 532 quibus
1429 479 1608 519 sarcinaf
1633 479 1822 530 conliga-

399 554 450 589 tae
475 550 605 589 mulis
630 552 872 603 portantur,
900 551 973 590 sed
999 552 1130 591 etiam
1155 551 1276 590 locus
1299 551 1447 591 Romae
1472 552 1649 604 propter
1671 549 1821 590 simili-

397 620 610 669 tudinem,
645 623 685 660 et
708 620 753 660 in
777 621 846 660 via
867 621 1086 661 Flaminia
1108 621 1205 661 loca
1228 621 1428 674 quaedam
1453 621 1614 661 ‹levexa
1636 620 1822 660 subinde

396 693 436 730 et
459 690 640 731 adcliva.
661 690 739 731 Est
757 693 887 732 etiam
910 693 1116 732 tormenti
1133 705 1269 744 genus
1293 691 1446 732 eodem
1469 691 1650 732 nomine
1675 690 1821 744 appel-

396 760 550 801 latum.

338 831 595 873 Cloaoale
618 830 827 873 fiumen
851 831 956 873 dixit
989 831 1093 873 Cato
1117 846 1194 885 pro
1220 832 1468 873 cloacarum
1495 834 1693 873 omnium
1718 845 1818 872 con-

279 920 311 942 11,
396 904 525 944 luvie.

337 973 726 1025 Compluriens
749 987 774 1014 a
797 974 1098 1028 compluribus
1121 974 1335 1027 significat
1357 988 1484 1028 saepe.
1520 973 1625 1015 Cato
1644 989 1652 1014 ε
1685 973 1819 1014 «Con-

393 1045 596 1086 tumelias
618 1044 729 1085 mihi
751 1044 896 1086 dixisti
920 1045 1258 1099 compluriens».

338 1115 542 1157 Citeria
564 1116 870 1170 appellabatur
893 1116 1055 1169 effigies
1079 1116 1277 1170 quaedam
1301 1120 1453 1168 arguta
1476 1120 1517 1157 et
1539 1117 1699 1169 loquax
1721 1117 1820 1156 ridi-

394 1187 481 1227 culi
503 1188 653 1239 gratia,
680 1201 772 1239 quae
796 1189 842 1227 in
866 1201 1029 1240 pompa
1051 1187 1149 1228 vehi
1171 1187 1301 1228 solita
1323 1188 1390 1228 sit.
1426 1186 1531 1228 Cato
1554 1189 1599 1227 in
1623 1187 1819 1227 Marcum

279 1274 310 1296 1-,
396 1256 643 1298 Caecilium:
687 1257 822 1308 «Quid
847 1272 925 1309 ego
961 1271 1059 1298 cum
1095 1258 1172 1298 illo
1197 1257 1421 1298 dissertem
1447 1257 1649 1311 amplius,
1688 1270 1816 1310 quem
1857 1273 1891 1305 60

396 1341 473 1380 ego
497 1328 684 1381 (lenique
707 1327 834 1369 credo
858 1329 903 1369 in
926 1342 1091 1382 pompa
1114 1331 1364 1369 vectitatum
1397 1328 1456 1368 ire
1480 1327 1594 1368 ludis
1617 1342 1695 1381 pro
1720 1329 1817 1368 cite-

394 1399 471 1448 ria,
496 1400 624 1451 atque
649 1412 747 1438 cum
771 1399 1087 1452 spectatoribus
1110 1399 1542 1439 sermocinaturum.»

338 1468 637 1509 Curionem
671 1483 833 1523 agnum
866 1469 1048 1511 Plautus
1082 1484 1160 1523 pro
1197 1483 1343 1510 macro
1388 1469 1503 1517 dixit,
1550 1471 1673 1522 quasi
1717 1482 1819 1509 cura

396 1541 662 1581 macruisset.

276 1628 309 1650 κω
336 1610 634 1653 Conieotor
656 1612 870 1666 interpres
893 1612 1182 1653 somniorum.

337 1681 643 1734 Comperce
666 1696 745 1736 pro
771 1696 995 1736 compesce
1020 1682 1220 1723 dixerunt
1242 1683 1426 1735 antiqui.

335 1752 650 1805 Comparsit
672 1753 897 1794 Terentius
920 1767 997 1807 pro
1022 1753 1291 1806 compescuit
1311 1752 1470 1806 posuit.

336 1822 580 1865 Creduas
604 1824 766 1865 credas.
791 1824 970 1864 Plautus
986 1841 993 1864 :
1024 1824 1174 1876 «Ipsus
1194 1838 1273 1864 nec
1291 1827 1421 1872 amat,
1438 1838 1518 1864 nec
1532 1826 1579 1864 tu
1594 1822 1786 1865 creduas.
1798 1839 1812 1860 »

396 1895 535 1948 [ipsus
557 1909 636 1949 pro
659 1898 782 1949 ipsa]

277 1981 308 2002 ιτ.
336 1964 529 2006 Corius
552 1966 607 2006 ab
642 1967 833 2018 antiquis
868 1966 1112 2006 masculino
1136 1979 1293 2017 genere
1329 1965 1565 2006 dicebatur.
1611 1965 1815 2006 Plautus:

400 2037 515 2077 «lam
551 2037 629 2077 tibi
653 2037 737 2077 tuis
772 2036 935 2078 meritis
972 2050 1141 2076 crassus
1177 2036 1319 2076 corius
1341 2035 1536 2076 redditus
1572 2039 1673 2076 est.»
1718 2035 1815 2076 Pari

393 2107 523 2148 modo
548 2108 715 2148 diverso
739 2122 896 2161 genere
922 2107 1122 2148 (licebant
1146 2104 1228 2148 lem:
1252 2104 1417 2163 lupus-'²2
1451 2105 1533 2148 leoec
1555 2113 1697 2155 metus,
1734 2103 1816 2147 hm:

394 2176 548 2228 αηιηίἶς,
572 2176 639 2219 hic
662 2176 795 2224 frons.

336 2247 523 2289 Cullus
558 2262 729 2302 quoque
764 2248 1005 2289 masculine
1041 2247 1255 2289 dixerunt.
1298 2248 1375 2289 Est
1409 2249 1524 2288 enim
1559 2261 1696 2300 genus
1729 2250 1812 2287 tor-

276 2335 311 2357 ;;ι»
394 2319 531 2359 menti
555 2333 576 2360 e
599 2321 729 2361 corio.

337 2388 598 2431 Crumina
620 2390 783 2431 sacculi
814 2404 964 2443 genus.
1002 2389 1208 2430 Plautus:
1252 2390 1329 2430 «Di
1352 2390 1462 2431 bene
1496 2392 1679 2438 veitant,
1714 2396 1812 2429 tene

394 2461 653 2510 cruminam,
678 2460 880 2501 inerunt*
906 2461 1083 2513 triginta
1105 2461 1272 2502 minae.»

336 2530 753 2572 Corinthienses
789 2546 838 2573 ex
861 2546 911 2573 eo
935 2531 1018 2572 dici
1041 2534 1277 2584 coeperunt,
1315 2546 1363 2571 ex
1387 2544 1472 2584 quo
1496 2531 1640 2571 coloni
1664 2529 1811 2571 Corin-

392 2601 515 2641 thum
541 2605 641 2642 sunt
677 2602 864 2652 deducti,
900 2603 973 2655 qui
1006 2604 1105 2642 ante
1142 2601 1357 2642 Corinthii
1391 2603 1492 2641 sunt
1515 2600 1639 2648 dicti;
1678 2613 1810 2653 quam

274 2688 308 2709 :33
393 2672 755 2713 consuetudinem
798 2686 1022 2714 servamus
1070 2672 1201 2713 etiam
1216 2705 1224 2721 ,
1279 2686 1376 2712 cum
1420 2672 1722 2712 Romanenses
1765 2672 1807 2711 et
1849 2683 1879 2717 61

392 2741 693 2794 Hispanienses
727 2746 768 2783 et
802 2743 1048 2784 Sicilienses
1086 2744 1376 2792 negotiatores
1415 2741 1610 2789 dicimus,
1653 2741 1726 2793 qui
1764 2742 1809 2781 in

393 2812 547 2852 alienis
570 2813 816 2854 civitatibus
839 2813 1132 2866 negotiantur.
