2072 3222
339 139 422 179 356
486 152 542 180 Qu.
558 150 641 175 XIII.
658 149 681 174 1.
745 151 865 179 FESTI
881 152 1036 178 FRAGM.
1052 151 1078 177 E
1093 150 1185 178 COD.
1201 151 1323 178 FARN.
1341 152 1377 178 L.
1394 152 1495 178 xvn.
1655 152 1685 175 P.
1706 150 1759 175 ⁶265
1779 152 1817 176 M.

410 281 516 308 num
552 267 579 308 l.
616 266 737 308 VIL:
778 267 1008 308 «mulieres
1032 269 1192 320 opertae
1231 279 1349 317 auro,
1373 281 1668 321 purpuraque,
1693 282 1760 310 ars

408 343 610 390 inheret†
670 342 885 393 diadema,
941 357 1124 384 coronas
1180 357 1332 385 aureas
1386 358 1538 385 ruscea
1580 345 1705 386 facile
1725 352 1758 396 †,

408 421 621 473 galbeos†
718 419 869 469 lineas,
953 420 1104 473 pelles,
1174 421 1442 462 redimicula.
1527 419 1761 476 ''Rupitias

408 502 425 530 4
447 495 541 537 XII.
605 496 818 549 significat
900 496 1112 538 damnum
1176 497 1351 538 dederit.
1435 495 1630 552 ssRodus,
1693 498 1761 539 vel

358 591 369 612 5
405 573 568 613 raudus
642 572 860 626 significat
931 587 1022 614 rem
1089 573 1257 616 rudem.
1326 577 1367 614 et
1434 575 1704 628 inperfictam
1725 581 1759 621 †.

407 663 512 690 nam
551 663 704 690 saxum
739 663 910 703 quoque
944 650 1106 691 raudus
1141 651 1368 704 appellant
1400 654 1567 704 poetae,
1603 655 1650 691 ut
1684 653 1760 693 Ac—

408 729 498 767 cius
550 728 596 766 in
650 726 927 780 Melanippo:
988 726 1245 768 «Constituit
1265 734 1300 776 †,
1354 727 1567 780 cognovit,
1611 728 1758 778 sensit.

407 803 606 844 conlocat
638 817 682 843 se
717 817 761 843 se
793 803 837 844 in
872 803 1017 844 locum
1055 804 1234 844 celsum.
1258 803 1360 843 hinc
1382 804 1584 844 manibus
1608 817 1759 857 rapere

406 878 606 926 roudus†
646 893 825 920 saxeum
862 879 1071 932 grandem
1108 883 1149 920 et
1183 894 1359 933 gravem
1380 887 1396 925 †
1422 896 1435 916 »
1458 896 1466 929 ;
1493 883 1534 921 et
1555 882 1601 920 in
1626 880 1757 933 Chry-

337 968 370 991 10
406 958 555 1010 sippo:
579 956 748 1009 «Neque
768 962 784 1003 †
803 956 1034 1010 quisquam
1051 957 1188 998 atelis
1203 970 1378 1005 vacuus,
1396 957 1469 998 sed
1486 957 1549 998 uti
1565 960 1718 1010 cuique
1740 964 1755 991 4

407 1033 580 1073 obviam
615 1033 768 1080 fuerat,
805 1033 969 1074 ferrum
1003 1033 1147 1080 alius†
1181 1035 1300 1074 saxio
1334 1033 1485 1074 rudem
1507 1040 1565 1074 4.»
1595 1033 1758 1086 Vulgus

408 1110 582 1163 quidem
618 1109 663 1149 in
699 1123 780 1150 usu
815 1109 982 1159 habuit,
1018 1123 1108 1150 non
1144 1110 1274 1151 modo
1309 1124 1387 1164 pro
1423 1124 1504 1150 aere
1548 1111 1757 1163 inperfec-

405 1189 462 1236 to,
498 1188 545 1226 ut
580 1186 785 1235 Lucilius,
810 1200 907 1227 cum
931 1188 1013 1227 ait:
1045 1187 1238 1240 «plumbi
1262 1187 1489 1239 paxillum,
1513 1186 1683 1233 rodus†
1710 1187 1757 1226 11-

406 1263 539 1315 nique
574 1266 789 1304 matexam
804 1269 844 1310 †»
868 1281 875 1304 ι
912 1263 986 1304 sed
1010 1266 1172 1310 etiam†
1196 1264 1379 1316 signato,
1404 1265 1506 1316 quia
1527 1265 1572 1303 in
1595 1264 1757 1303 manci-

337 1357 369 1379 15
405 1338 566 1391 pando,
602 1353 701 1380 cum
737 1339 916 1380 dicitur:
960 1340 1220 1381 «rudusculo
1258 1340 1416 1381 libram
1454 1339 1622 1388 ferito»,
1662 1352 1755 1380 asse

406 1415 599 1467 tangitur
651 1416 775 1457 libra.
831 1416 1004 1457 Cincius
1057 1416 1108 1457 de
1162 1417 1302 1457 verbis
1354 1416 1506 1469 priscis
1559 1416 1618 1456 sic
1671 1416 1754 1456 ait:

413 1492 815 1543 «Quemadmodum
871 1494 1015 1534 omnis
1058 1494 1144 1534 fere
1186 1494 1370 1534 materia
1412 1507 1501 1533 non
1545 1493 1754 1533 deforma-

406 1572 448 1609 ta
509 1569 629 1610 rudis
692 1570 951 1624 appellatur,
1015 1572 1122 1612 sicut
1185 1572 1494 1611 vestimentum
1548 1570 1700 1611 rudem
1721 1576 1755 1618 1,

407 1661 497 1688 11011
531 1649 821 1701 perpolitum:
859 1647 919 1686 sic
953 1660 1009 1687 aes
1042 1647 1253 1689 infectum
1276 1647 1408 1687 rudus
1433 1647 1616 1693 cuiumJs.
1641 1646 1756 1699 apud

335 1732 369 1756 20
406 1725 542 1766 aedem
607 1725 825 1778 Apollinis
890 1738 961 1766 aes
1027 1724 1263 1765 conflatum
1323 1724 1468 1774 iacuit,
1520 1723 1563 1764 id
1633 1723 1755 1765 adru-

408 1801 487 1842 dus
571 1801 858 1854 appellabant
892 1853 905 1865 u
929 1807 946 1839 †
1050 1801 1374 1841 inestimatione
1415 1806 1431 1846 †
1547 1799 1755 1841 Censoria

406 1892 477 1919 aes
529 1879 738 1919 infectum
796 1877 914 1918 rudis
958 1877 1243 1931 appellatur.»
1283 1877 1463 1917 Rudiari
1506 1877 1560 1918 ab
1604 1876 1756 1917 eodem

407 1955 622 2003 dicuntur,
668 1955 776 2007 qui†
803 1967 907 2007 saga
944 1967 1056 1994 nova
1094 1954 1281 2007 poliunt.
1321 1953 1559 1994 Hominem
1596 1953 1755 2006 inperi-

405 2035 498 2071 tum
562 2031 713 2072 rudem
779 2031 975 2071 dicimus.
1042 2029 1296 2085 ”Rudentes
1361 2033 1492 2070 restes
1558 2030 1755 2077 nauticae,

335 2122 369 2145 2⁵
405 2112 445 2149 et
527 2109 650 2157 asini,
736 2122 830 2148 cum
918 2122 1042 2148 voces
1126 2107 1317 2147 mittunt.
1401 2105 1621 2161 ssRuspari
1695 2108 1758 2146 est

407 2199 611 2238 quaerere
655 2185 794 2225 cribro
815 2191 849 2233 ἦν,
894 2187 941 2224 111
983 2184 1063 2225 hoc
1107 2197 1234 2224 versu
1277 2182 1517 2224 indicatur:
1570 2186 1635 2223 «et
1678 2196 1755 2235 ego

404 2262 490 2310 ibo,
575 2265 622 2302 ut
693 2261 881 2302 latebras
953 2274 1139 2313 ruspans
1210 2260 1412 2300 rimeram
1466 2260 1749 2312 1α1111ῃ1ἣ81.»

407 2336 618 2392 ”Rustica
710 2338 874 2378 vinalia
968 2337 1249 2390 appellantur
1330 2349 1479 2375 mense
1564 2336 1755 2387 Augusto

404 2415 540 2455 XIIII.
577 2414 644 2455 Ki.
681 2415 828 2467 Sept.†
863 2414 976 2454 Iovis
1000 2413 1090 2453 dies
1115 2413 1259 2459 festus,
1285 2414 1388 2465 quia
1410 2411 1555 2452 Latini
1590 2411 1755 2451 bellum

333 2508 369 2531 30
404 2494 597 2543 gerentes
666 2490 871 2532 adversus
940 2489 1218 2538 Mezentium,
1287 2490 1429 2529 omnis
1496 2487 1585 2527 vini
1651 2487 1755 2527 liba-

406 2568 568 2609 tionem
606 2568 643 2608 ei
677 2567 770 2608 Deo
806 2566 1126 2608 dedicaverunt.
1163 2565 1313 2606 eodem
1338 2568 1485 2606 autem
1509 2564 1576 2604 die
1599 2563 1755 2604 Veneri

406 2644 573 2697 templa
637 2647 738 2684 sunt
793 2646 1058 2691 consecrata,
1104 2643 1288 2683 alterum
1342 2641 1394 2682 ad
1443 2641 1614 2682 Circum
1668 2639 1754 2679 Ma-

406 2721 586 2770 ximum,
629 2721 811 2761 alterum
846 2720 889 2759 in
924 2720 1007 2760 luci
1042 2719 1180 2760 libitia
1218 2719 1339 2759 densi
1361 2724 1394 2766 1,
1435 2718 1534 2771 quia
1571 2718 1751 2770 inpius†

406 2798 506 2838 Dew
584 2797 723 2838 tutela
800 2799 900 2836 sunt
991 2795 1117 2836 horti.
1199 2793 1420 2850 ΗΕΒ-8111111
1498 2807 1545 2833 ex
1622 2793 1755 2834 rubus
